,index,timestamp,ticker,ask_amount,ask_price,bid_price,bid_amount
0,29999,2025-10-02 23:59:57.290000,AVNT-USDT-SWAP@BINANCE,993.0,1.1309,1.1308,36.0
1,29998,2025-10-02 23:59:57.290000,SOL-USDT-SWAP@BINANCE,377.85,234.61,234.6,1356.54
2,29997,2025-10-02 23:59:57.290000,DEGEN-USD-SWAP@KRAKEN,72072.0,0.003368,0.003054,71557.0
3,29996,2025-10-02 23:59:57.290000,DEGEN-USD-SWAP@KRAKEN,72072.0,0.003368,0.003054,144660.0
4,29995,2025-10-02 23:59:57.290000,ROAM-USDT-SWAP@GATE-IO,35.0,0.09333,0.09293,50.0
5,29994,2025-10-02 23:59:57.290000,10000CAT-USDT-SWAP@KUCOIN,91.0,0.07804,0.07792,91.0
6,29988,2025-10-02 23:59:57.291000,DEGEN-USD-SWAP@KRAKEN,72072.0,0.003368,0.003052,144660.0
7,29986,2025-10-02 23:59:57.291000,2Z-USDT-SWAP@KUCOIN,242.0,0.59832,0.597828,371.0
8,29987,2025-10-02 23:59:57.291000,RAY-USD-SWAP@KRAKEN,21.0,3.0646,3.0562,21.0
9,29990,2025-10-02 23:59:57.291000,DEGEN-USD-SWAP@KRAKEN,72072.0,0.003368,0.003054,73103.0
10,29991,2025-10-02 23:59:57.291000,AKT-USD-SWAP@KRAKEN,191.0,1.0593,1.0547,63.0
11,29992,2025-10-02 23:59:57.291000,AKT-USD-SWAP@KRAKEN,191.0,1.0593,1.0543,192.0
12,29993,2025-10-02 23:59:57.291000,AIA-USDT-SWAP@BYBIT,67.0,1.4986,1.4971,124.0
13,29989,2025-10-02 23:59:57.291000,DEGEN-USD-SWAP@KRAKEN,72072.0,0.003368,0.003052,71557.0
14,29985,2025-10-02 23:59:57.292000,XVG-USDT-SWAP@BINANCE,1902.0,0.00939,0.009371,822.0
15,29984,2025-10-02 23:59:57.292000,DEGEN-USD-SWAP@KRAKEN,72072.0,0.003368,0.003052,71557.0
16,29983,2025-10-02 23:59:57.292000,DEGEN-USD-SWAP@KRAKEN,72072.0,0.003368,0.003044,217820.0
17,29982,2025-10-02 23:59:57.292000,DEGEN-USD-SWAP@KRAKEN,72072.0,0.003368,0.003043,144660.0
18,29981,2025-10-02 23:59:57.292000,RAY-USDT-SWAP@OKEX,105.0,3.0513,3.0512,1.0
19,29980,2025-10-02 23:59:57.292000,CFX-USDT-SWAP@OKEX,160.0,0.15045,0.15043,372.0
20,29975,2025-10-02 23:59:57.293000,PIPPIN-USD-SWAP@KRAKEN,15411.0,0.02005,0.01961,15075.0
21,29976,2025-10-02 23:59:57.293000,PIPPIN-USD-SWAP@KRAKEN,15411.0,0.02005,0.01958,45960.0
22,29978,2025-10-02 23:59:57.293000,DEGEN-USD-SWAP@KRAKEN,72072.0,0.003368,0.003043,73103.0
23,29979,2025-10-02 23:59:57.293000,TRUTH-USDT-SWAP@BYBIT,3300.0,0.01319,0.013184,6790.0
24,29977,2025-10-02 23:59:57.293000,DEGEN-USD-SWAP@KRAKEN,72072.0,0.003368,0.003055,71557.0
25,29965,2025-10-02 23:59:57.294000,SOON-USDT-SWAP@GATE-IO,11.0,0.4868,0.4865,18.0
26,29960,2025-10-02 23:59:57.294000,BARD-USDT-SWAP@OKEX,284.0,0.8787,0.8786,22.0
27,29961,2025-10-02 23:59:57.294000,ATOM-USDT-SWAP@HTX,21.0,4.3091,4.3076,21.0
28,29962,2025-10-02 23:59:57.294000,TURBO-USDT-SWAP@GATE-IO,30.0,0.003888,0.0038869,64.0
29,29963,2025-10-02 23:59:57.294000,TRUMP-USDT-SWAP@OKEX,18544.0,7.831,7.83,27194.0
30,29964,2025-10-02 23:59:57.294000,THETA-USDT-SWAP@OKEX,1.9,0.7404,0.74,19.7
31,29966,2025-10-02 23:59:57.294000,RVN-USDT-SWAP@OKEX,15373.0,0.01257,0.01256,4446.0
32,29968,2025-10-02 23:59:57.294000,MOCA-USD-SWAP@KRAKEN,1263.0,0.07704,0.07523,639.0
33,29974,2025-10-02 23:59:57.294000,LINK-USDT-SWAP@BYBIT,2.5,22.765,22.764,175.4
34,29973,2025-10-02 23:59:57.294000,XMR-USDT-SWAP@BINANCE,0.197,333.47,333.46,0.069
35,29972,2025-10-02 23:59:57.294000,ATOM-USDT-SWAP@OKEX,196.0,4.312,4.311,2405.0
36,29967,2025-10-02 23:59:57.294000,RAY-USD-SWAP@KRAKEN,21.0,3.0646,3.0551,40.0
37,29970,2025-10-02 23:59:57.294000,DEGEN-USD-SWAP@KRAKEN,72072.0,0.003368,0.003045,362480.0
38,29969,2025-10-02 23:59:57.294000,MOCA-USD-SWAP@KRAKEN,1263.0,0.07704,0.07519,24000.0
39,29971,2025-10-02 23:59:57.294000,DEGEN-USD-SWAP@KRAKEN,72072.0,0.003368,0.003045,290923.0
40,29959,2025-10-02 23:59:57.295000,RAYDIUM-USDT-SWAP@BYBIT,34.4,3.052,3.051,0.1
41,29958,2025-10-02 23:59:57.295000,SQD-USDT-SWAP@BINANCE,63.0,0.18461,0.1846,691.0
42,29957,2025-10-02 23:59:57.295000,DEGEN-USD-SWAP@KRAKEN,72072.0,0.003368,0.003045,290923.0
43,29956,2025-10-02 23:59:57.295000,DEGEN-USD-SWAP@KRAKEN,72072.0,0.003368,0.003056,71557.0
44,29955,2025-10-02 23:59:57.295000,TOWNS-USDC-SWAP@COINBASEINT,3115.0,0.019412,0.01939,656.0
45,29942,2025-10-02 23:59:57.296000,PIPPIN-USD-SWAP@KRAKEN,15411.0,0.02005,0.01962,15075.0
46,29943,2025-10-02 23:59:57.296000,PIPPIN-USD-SWAP@KRAKEN,15411.0,0.02005,0.01958,45960.0
47,29944,2025-10-02 23:59:57.296000,IP-USDT-SWAP@BITGET,23.0,9.2321,9.2289,26.7
48,29945,2025-10-02 23:59:57.296000,FF-USDT-SWAP@BITGET,500.0,0.1846,0.18457,1030.0
49,29946,2025-10-02 23:59:57.296000,ALPINE-USDT-SWAP@BITGET,52.0,1.4852,1.4851,35.0
50,29947,2025-10-02 23:59:57.296000,INIT-USD-SWAP@KRAKEN,301.0,0.3437,0.337,149.0
51,29941,2025-10-02 23:59:57.296000,TOWNS-USDC-SWAP@COINBASEINT,652.0,0.019411,0.01939,656.0
52,29949,2025-10-02 23:59:57.296000,INIT-USD-SWAP@KRAKEN,301.0,0.3437,0.3366,149.0
53,29950,2025-10-02 23:59:57.296000,INIT-USD-SWAP@KRAKEN,301.0,0.3437,0.3365,164.0
54,29951,2025-10-02 23:59:57.296000,MEW-USDT-SWAP@BINANCE,86038.0,0.002851,0.00285,296731.0
55,29952,2025-10-02 23:59:57.296000,HUMA-USDT-SWAP@BYBIT,2411.0,0.03489,0.03488,8566.0
56,29953,2025-10-02 23:59:57.296000,FORM-USDT-SWAP@BINANCE,83.6,1.2195,1.2192,100.1
57,29954,2025-10-02 23:59:57.296000,BTR-USDT-SWAP@BINANCE,75.0,0.08873,0.08871,404.0
58,29948,2025-10-02 23:59:57.296000,INIT-USD-SWAP@KRAKEN,301.0,0.3437,0.3365,618.0
59,29929,2025-10-02 23:59:57.297000,XRP-USD-SWAP@BITGET,14671.0,3.0415,3.04123,8972.0
60,29930,2025-10-02 23:59:57.297000,AEVO-USDT-SWAP@BITGET,1304.7,0.11497,0.11493,1250.9
61,29931,2025-10-02 23:59:57.297000,SXT-USD-SWAP@KRAKEN,335.0,0.0725,0.07213,712.0
62,29933,2025-10-02 23:59:57.297000,DRIFT-USD-SWAP@KRAKEN,70.0,0.89334,0.89025,51.0
63,29934,2025-10-02 23:59:57.297000,DEGEN-USD-SWAP@KRAKEN,72072.0,0.003368,0.003044,144660.0
64,29932,2025-10-02 23:59:57.297000,SXT-USD-SWAP@KRAKEN,335.0,0.0725,0.07205,6994.0
65,29936,2025-10-02 23:59:57.297000,DEGEN-USD-SWAP@KRAKEN,72072.0,0.003368,0.003046,73103.0
66,29935,2025-10-02 23:59:57.297000,DEGEN-USD-SWAP@KRAKEN,72072.0,0.003368,0.003044,71557.0
67,29940,2025-10-02 23:59:57.297000,DRIFT-USDT-SWAP@BYBIT,585.0,0.8932,0.8931,178.0
68,29939,2025-10-02 23:59:57.297000,NOM-USDT-SWAP@BINANCE,12475.0,0.03874,0.03873,7077.0
69,29937,2025-10-02 23:59:57.297000,DEGEN-USD-SWAP@KRAKEN,72072.0,0.003368,0.003046,144660.0
70,29938,2025-10-02 23:59:57.297000,DEGEN-USD-SWAP@KRAKEN,72072.0,0.003368,0.003046,73103.0
71,29928,2025-10-02 23:59:57.298000,DEGEN-USD-SWAP@KRAKEN,72072.0,0.003368,0.003044,73103.0
72,29927,2025-10-02 23:59:57.298000,DEGEN-USD-SWAP@KRAKEN,72072.0,0.003368,0.003057,71557.0
73,29926,2025-10-02 23:59:57.298000,MYX-USDT-SWAP@BYBIT,25.0,10.3319,10.3226,2.0
74,29924,2025-10-02 23:59:57.298000,AVNT-USDT-SWAP@OKEX,824.0,1.1305,1.1304,2.0
75,29923,2025-10-02 23:59:57.298000,KAITO-USDT-SWAP@OKEX,93.0,1.3976,1.3975,688.0
76,29922,2025-10-02 23:59:57.298000,NFP-USDT-SWAP@BITGET,405.3,0.0629,0.06284,2872.6
77,29925,2025-10-02 23:59:57.298000,XPL-USDT-SWAP@BYBIT,3095.0,0.9335,0.9334,185.0
78,29921,2025-10-02 23:59:57.298214,IP-USDT-SWAP@PHEMEX,6.0,9.2383,9.2311,35.0
79,29915,2025-10-02 23:59:57.299000,TNSR-USDT-SWAP@GATE-IO,1067.0,0.1045,0.1043,582.0
80,29913,2025-10-02 23:59:57.299000,PIPPIN-USD-SWAP@KRAKEN,15411.0,0.02005,0.01963,15075.0
81,29914,2025-10-02 23:59:57.299000,PIPPIN-USD-SWAP@KRAKEN,15411.0,0.02005,0.01958,45960.0
82,29917,2025-10-02 23:59:57.299000,SXT-USD-SWAP@KRAKEN,335.0,0.0725,0.07205,6994.0
83,29918,2025-10-02 23:59:57.299000,PENGU-USD-SWAP@CRYPTO-COM,3600.0,0.031865,0.031851,100.0
84,29916,2025-10-02 23:59:57.299000,SXT-USD-SWAP@KRAKEN,335.0,0.0725,0.07206,712.0
85,29919,2025-10-02 23:59:57.299000,COINX-USDT-SWAP@GATE-IO,600.0,372.42,369.97,600.0
86,29920,2025-10-02 23:59:57.299000,SUSHI-USDT-SWAP@BINANCE,1010.0,0.7223,0.7222,410.0
87,29912,2025-10-02 23:59:57.299532,SQD-USDT-SWAP@PHEMEX,570.0,0.18481,0.1846,469.0
88,29911,2025-10-02 23:59:57.300000,DMC-USDT-SWAP@BYBIT,50000.0,0.003273,0.0032682,74800.0
89,29910,2025-10-02 23:59:57.300000,DRIFT-USDT-SWAP@BINANCE,62.0,0.8943,0.894,97.0
90,29909,2025-10-02 23:59:57.300000,KERNEL-USDT-SWAP@BINANCE,425.0,0.2013,0.2012,9942.0
91,29908,2025-10-02 23:59:57.300000,STO-USDT-SWAP@BINANCE,2799.0,0.09079,0.09073,498.0
92,29907,2025-10-02 23:59:57.300000,DEGEN-USD-SWAP@KRAKEN,72072.0,0.003368,0.003047,217820.0
93,29906,2025-10-02 23:59:57.300000,DEGEN-USD-SWAP@KRAKEN,72072.0,0.003368,0.003047,289377.0
94,29905,2025-10-02 23:59:57.300000,DEGEN-USD-SWAP@KRAKEN,72072.0,0.003368,0.003047,71557.0
95,29904,2025-10-02 23:59:57.300000,DRIFT-USD-SWAP@KRAKEN,70.0,0.89334,0.89029,71.0
96,29903,2025-10-02 23:59:57.300000,SXT-USD-SWAP@CRYPTO-COM,10.0,0.07237,0.07231,130.0
97,29893,2025-10-02 23:59:57.301000,SXT-USD-SWAP@KRAKEN,1030.0,0.07265,0.07213,712.0
98,29895,2025-10-02 23:59:57.301000,SXT-USD-SWAP@KRAKEN,335.0,0.0725,0.07213,712.0
99,29896,2025-10-02 23:59:57.301000,SXT-USD-SWAP@KRAKEN,335.0,0.0725,0.07205,6994.0
100,29897,2025-10-02 23:59:57.301000,DEGEN-USD-SWAP@KRAKEN,72072.0,0.003368,0.003048,217820.0
101,29894,2025-10-02 23:59:57.301000,SXT-USD-SWAP@KRAKEN,695.0,0.07265,0.07213,712.0
102,29899,2025-10-02 23:59:57.301000,DEGEN-USD-SWAP@KRAKEN,72072.0,0.003368,0.003047,501743.0
103,29900,2025-10-02 23:59:57.301000,AVNT-USDT-SWAP@BYBIT,352.0,1.1311,1.131,52.0
104,29898,2025-10-02 23:59:57.301000,DEGEN-USD-SWAP@KRAKEN,72072.0,0.003368,0.003047,931829.0
105,29901,2025-10-02 23:59:57.301000,STG-USDT-SWAP@BINANCE,9427.0,0.1976,0.1975,26672.0
106,29902,2025-10-02 23:59:57.301000,NEAR-USDT-SWAP@BINANCE,7782.0,2.968,2.967,12360.0
107,29892,2025-10-02 23:59:57.301290,BCH-USDT-SWAP@PHEMEX,0.293,593.99,593.98,0.293
108,29890,2025-10-02 23:59:57.302000,CFX-USDT-SWAP@OKEX,34.0,0.15044,0.15043,372.0
109,29889,2025-10-02 23:59:57.302000,PIPPIN-USD-SWAP@KRAKEN,15411.0,0.02005,0.01958,45960.0
110,29888,2025-10-02 23:59:57.302000,PIPPIN-USD-SWAP@KRAKEN,15411.0,0.02005,0.01959,15075.0
111,29887,2025-10-02 23:59:57.302000,W-USDT-SWAP@OKEX,2289.0,0.11219,0.11218,309.0
112,29891,2025-10-02 23:59:57.302000,RAY-USD-SWAP@CRYPTO-COM,1.0,3.0576,3.0555,1.0
113,29880,2025-10-02 23:59:57.303000,ZRO-USDT-SWAP@BITGET,392.0,2.288,2.287,432.0
114,29882,2025-10-02 23:59:57.303000,DEGEN-USD-SWAP@KRAKEN,72072.0,0.003368,0.003048,71557.0
115,29881,2025-10-02 23:59:57.303000,DEGEN-USD-SWAP@KRAKEN,72072.0,0.003368,0.003048,144660.0
116,29885,2025-10-02 23:59:57.303000,OG-USDT-SWAP@BINANCE,1.2,14.692,14.691,33.5
117,29886,2025-10-02 23:59:57.303000,MITO-USDT-SWAP@BYBIT,274.0,0.1544,0.15435,441.0
118,29883,2025-10-02 23:59:57.303000,DEGEN-USD-SWAP@KRAKEN,72072.0,0.003368,0.003048,289377.0
119,29884,2025-10-02 23:59:57.303000,XVG-USDT-SWAP@BYBIT,1000.0,0.009384,0.009362,5800.0
120,29873,2025-10-02 23:59:57.304000,VELVET-USDT-SWAP@HTX,3.0,0.18905,0.18647,2.0
121,29879,2025-10-02 23:59:57.304000,DOGE-USDT-SWAP@BYBIT,68818.0,0.26189,0.26188,23365.0
122,29878,2025-10-02 23:59:57.304000,OG-USDT-SWAP@BYBIT,0.4,14.685,14.6821,3.1
123,29877,2025-10-02 23:59:57.304000,THETA-USDT-SWAP@OKEX,4.6,0.7404,0.74,35.0
124,29876,2025-10-02 23:59:57.304000,BARD-USDT-SWAP@OKEX,284.0,0.8787,0.8786,20.0
125,29875,2025-10-02 23:59:57.304000,DOT-USD-SWAP@BITGET,735.0,4.312,4.31,194.0
126,29874,2025-10-02 23:59:57.304000,TRX-USD-SWAP@BITGET,113.0,0.34287,0.34271,113.0
127,29867,2025-10-02 23:59:57.305000,PIPPIN-USD-SWAP@KRAKEN,15411.0,0.02005,0.0196,15075.0
128,29866,2025-10-02 23:59:57.305000,MOCA-USDT-SWAP@BITGET,6270.0,0.07653,0.07646,4392.0
129,29868,2025-10-02 23:59:57.305000,PIPPIN-USD-SWAP@KRAKEN,15411.0,0.02005,0.01958,45960.0
130,29871,2025-10-02 23:59:57.305000,SOPH-USDT-SWAP@BINANCE,2313.0,0.029326,0.029321,563.0
131,29870,2025-10-02 23:59:57.305000,TRX-USD-SWAP@KRAKEN,2591.0,0.342999,0.342643,2591.0
132,29872,2025-10-02 23:59:57.305000,FLOCK-USDT-SWAP@BYBIT,348.0,0.28591,0.2859,359.0
133,29869,2025-10-02 23:59:57.305000,ATOM-USDT-SWAP@HTX,21.0,4.3094,4.3077,26.0
134,29865,2025-10-02 23:59:57.305111,NODE-USDT-SWAP@PHEMEX,1004.5,0.06295,0.0629,990.3
135,29864,2025-10-02 23:59:57.306000,AVNT-USD-SWAP@CRYPTO-COM,1.0,1.13278,1.13201,1.0
136,29863,2025-10-02 23:59:57.306000,TOKEN-USD-SWAP@KRAKEN,2089.0,0.01315,0.01311,10501.0
137,29862,2025-10-02 23:59:57.306000,LISTA-USDT-SWAP@BITGET,3054.0,0.316,0.3157,542.0
138,29855,2025-10-02 23:59:57.307000,SOON-USDT-SWAP@HTX,9.0,0.48743,0.48658,14.0
139,29856,2025-10-02 23:59:57.307000,HANA-USDT-SWAP@BITGET,31409.0,0.04426,0.04421,20000.0
140,29857,2025-10-02 23:59:57.307000,PIPPIN-USD-SWAP@KRAKEN,15411.0,0.02005,0.01961,15075.0
141,29859,2025-10-02 23:59:57.307000,HYPER-USDT-SWAP@BITGET,18135.0,0.2861,0.2859,2000.0
142,29860,2025-10-02 23:59:57.307000,HEMI-USDT-SWAP@BITGET,572.0,0.091311,0.091291,572.0
143,29861,2025-10-02 23:59:57.307000,AVNT-USDT-SWAP@GATE-IO,15.0,1.1311,1.131,1.0
144,29858,2025-10-02 23:59:57.307000,PIPPIN-USD-SWAP@KRAKEN,15411.0,0.02005,0.01958,45960.0
145,29848,2025-10-02 23:59:57.308000,BANANAS31-USDT-SWAP@HTX,68.0,0.005425,0.005355,275.0
146,29847,2025-10-02 23:59:57.308000,LINK-USDC-SWAP@COINBASEINT,31.32,22.799,22.797,16.66
147,29849,2025-10-02 23:59:57.308000,TRX-USD-SWAP@KRAKEN,666.0,0.342982,0.342643,2591.0
148,29853,2025-10-02 23:59:57.308000,MITO-USDT-SWAP@BINANCE,635.0,0.15423,0.15421,562.0
149,29851,2025-10-02 23:59:57.308000,SKYAI-USDT-SWAP@BINANCE,2494.0,0.029,0.02898,549.0
150,29852,2025-10-02 23:59:57.308000,RVN-USDT-SWAP@BINANCE,692943.0,0.01257,0.01256,139138.0
151,29854,2025-10-02 23:59:57.308000,CFX-USDT-SWAP@BYBIT,2327.0,0.15046,0.15045,1215.0
152,29850,2025-10-02 23:59:57.308000,BONK-USD-SWAP@KRAKEN,12108000.0,2.087e-05,2.085e-05,11054000.0
153,29846,2025-10-02 23:59:57.309000,SXT-USDT-SWAP@BYBIT,216.0,0.07237,0.07226,7300.0
154,29845,2025-10-02 23:59:57.309000,BABY-USDT-SWAP@HTX,15.0,0.05098,0.0508,15.0
155,29844,2025-10-02 23:59:57.309000,ATH-USDT-SWAP@HTX,148.0,0.05157,0.05144,152.0
156,29843,2025-10-02 23:59:57.309000,THETA-USDT-SWAP@KUCOIN,9048.0,0.7416,0.741,9848.0
157,29842,2025-10-02 23:59:57.309000,THETA-USDT-SWAP@KUCOIN,9048.0,0.7416,0.7415,1633.0
158,29837,2025-10-02 23:59:57.310000,THETA-USDC-SWAP@COINBASEINT,67.5,0.7412,0.7408,195.0
159,29838,2025-10-02 23:59:57.310000,SUI-USDT-SWAP@HTX,205.0,3.5853,3.5852,524.0
160,29841,2025-10-02 23:59:57.310000,THETA-USDT-SWAP@BYBIT,46.2,0.7403,0.7402,355.2
161,29840,2025-10-02 23:59:57.310000,SOON-USDT-SWAP@BYBIT,179.0,0.4869,0.4868,66.0
162,29839,2025-10-02 23:59:57.310000,TUT-USDT-SWAP@BITGET,53000.0,0.08294,0.08291,4700.0
163,29836,2025-10-02 23:59:57.311000,AIA-USDT-SWAP@BYBIT,9.0,1.4992,1.4973,201.0
164,29835,2025-10-02 23:59:57.311000,AIA-USDT-SWAP@GATE-IO,6.0,1.504,1.5013,10.0
165,29834,2025-10-02 23:59:57.311000,BONK-USD-SWAP@KRAKEN,28092000.0,2.0869e-05,2.085e-05,11054000.0
166,29833,2025-10-02 23:59:57.311000,POL-USDT-SWAP@HTX,42.0,0.24036,0.23987,8111.0
167,29832,2025-10-02 23:59:57.311000,MAV-USDT-SWAP@KUCOIN,3253.0,0.06148,0.06132,3261.0
168,29831,2025-10-02 23:59:57.311000,MAV-USDT-SWAP@KUCOIN,4.0,0.06147,0.06132,3261.0
169,29830,2025-10-02 23:59:57.311005,WAXP-USDT-SWAP@PHEMEX,4524.0,0.01805,0.01804,4628.0
170,29824,2025-10-02 23:59:57.312000,CFX-USDT-SWAP@OKEX,105.0,0.15044,0.15042,1503.0
171,29825,2025-10-02 23:59:57.312000,ARB-USDT-SWAP@OKEX,18.9,0.4525,0.4524,3254.8
172,29826,2025-10-02 23:59:57.312000,RAY-USDT-SWAP@OKEX,105.0,3.0513,3.051,1.0
173,29828,2025-10-02 23:59:57.312000,MANA-USDT-SWAP@OKEX,300.0,0.3393,0.3391,742.0
174,29829,2025-10-02 23:59:57.312000,LUNA-USDT-SWAP@OKEX,2745.0,0.1452,0.1451,29182.0
175,29827,2025-10-02 23:59:57.312000,RAY-USD-SWAP@CRYPTO-COM,1.0,3.0564,3.0558,1.0
176,29823,2025-10-02 23:59:57.313000,RAYDIUM-USDT-SWAP@BYBIT,939.5,3.0523,3.051,0.1
177,29822,2025-10-02 23:59:57.313000,SXT-USD-SWAP@KRAKEN,1030.0,0.07265,0.07205,6994.0
178,29821,2025-10-02 23:59:57.313000,SXT-USD-SWAP@KRAKEN,1030.0,0.07265,0.07214,712.0
179,29820,2025-10-02 23:59:57.313000,THETA-USDC-SWAP@COINBASEINT,150.0,0.7414,0.7408,195.0
180,29812,2025-10-02 23:59:57.314000,XAUT-USDT-SWAP@OKEX,9340.0,3862.9,3862.8,1457.0
181,29809,2025-10-02 23:59:57.314000,HYPE-USDT-SWAP@OKEX,126.0,50.782,50.781,83.0
182,29810,2025-10-02 23:59:57.314000,GAS-USDT-SWAP@OKEX,2.0,3.133,3.132,278.0
183,29811,2025-10-02 23:59:57.314000,BARD-USDT-SWAP@OKEX,284.0,0.8787,0.8786,22.0
184,29813,2025-10-02 23:59:57.314000,THETA-USDT-SWAP@OKEX,74.9,0.7404,0.74,35.0
185,29818,2025-10-02 23:59:57.314000,NXPC-USDT-SWAP@BINANCE,480.0,0.5308,0.5307,75.0
186,29815,2025-10-02 23:59:57.314000,LION-USD-SWAP@CRYPTO-COM,100.0,0.016674,0.016652,100.0
187,29816,2025-10-02 23:59:57.314000,ICP-USDT-SWAP@OKEX,12802.0,4.576,4.575,315.0
188,29817,2025-10-02 23:59:57.314000,CRO-USDT-SWAP@OKEX,76.0,0.21777,0.21771,32.0
189,29819,2025-10-02 23:59:57.314000,EDEN-USDT-SWAP@BINANCE,1882.0,0.3797,0.3796,4518.0
190,29814,2025-10-02 23:59:57.314000,PROMPT-USDT-SWAP@OKEX,1.0,0.15394,0.15389,27.0
191,29808,2025-10-02 23:59:57.315000,THETA-USDT-SWAP@GATE-IO,1640.0,0.7404,0.7402,82.0
192,29807,2025-10-02 23:59:57.315000,ZKC-USDT-SWAP@BITGET,296.0,0.3374,0.3373,15856.0
193,29806,2025-10-02 23:59:57.316000,HUMA-USDT-SWAP@BYBIT,2411.0,0.03489,0.03488,11046.0
194,29805,2025-10-02 23:59:57.316000,ZEC-USDT-SWAP@BINANCE,1.507,131.31,131.3,8.455
195,29804,2025-10-02 23:59:57.316000,AVNT-USD-SWAP@CRYPTO-COM,1.0,1.1325,1.13201,1.0
196,29803,2025-10-02 23:59:57.316000,BONK-USD-SWAP@KRAKEN,2108000.0,2.087e-05,2.085e-05,11054000.0
197,29802,2025-10-02 23:59:57.316000,PIPPIN-USD-SWAP@KRAKEN,15411.0,0.02005,0.01958,45960.0
198,29801,2025-10-02 23:59:57.316000,PIPPIN-USD-SWAP@KRAKEN,15411.0,0.02005,0.01962,15075.0
199,29800,2025-10-02 23:59:57.316573,HOLO-USDT-SWAP@PHEMEX,60.42,0.2077,0.2074,468.73
200,29796,2025-10-02 23:59:57.317000,RED-USDT-SWAP@BITGET,924.8,0.5045,0.5043,4786.0
201,29799,2025-10-02 23:59:57.317000,DRIFT-USDT-SWAP@BYBIT,351.0,0.8932,0.8931,178.0
202,29798,2025-10-02 23:59:57.317000,LISTA-USDT-SWAP@GATE-IO,15.0,0.3159,0.3157,223.0
203,29797,2025-10-02 23:59:57.317000,RAY-USDT-SWAP@KUCOIN,1841.0,3.0529,3.0505,21.0
204,29776,2025-10-02 23:59:57.318000,THETA-USDT-SWAP@KUCOIN,9048.0,0.7416,0.7414,2111.0
205,29777,2025-10-02 23:59:57.318000,THETA-USDC-SWAP@COINBASEINT,150.0,0.7416,0.7408,195.0
206,29778,2025-10-02 23:59:57.318000,AIA-USDT-SWAP@HTX,7.0,1.50339,1.4869,10.0
207,29779,2025-10-02 23:59:57.318000,RESOLV-USDT-SWAP@OKEX,1970.0,0.1134,0.1133,179.0
208,29780,2025-10-02 23:59:57.318000,PERP-USDT-SWAP@OKEX,1132.0,0.3034,0.3033,90.0
209,29783,2025-10-02 23:59:57.318000,LAUNCHCOIN-USDT-SWAP@OKEX,38.0,0.11376,0.11369,38.0
210,29781,2025-10-02 23:59:57.318000,MASK-USDT-SWAP@OKEX,4754.0,1.279,1.278,3383.0
211,29782,2025-10-02 23:59:57.318000,MAGIC-USDT-SWAP@OKEX,1200.0,0.18272,0.1827,27.0
212,29784,2025-10-02 23:59:57.318000,LA-USDT-SWAP@OKEX,52.0,0.3679,0.3677,370.0
213,29790,2025-10-02 23:59:57.318000,INIT-USD-SWAP@KRAKEN,301.0,0.3437,0.3371,149.0
214,29786,2025-10-02 23:59:57.318000,HMSTR-USDT-SWAP@OKEX,1.0,0.0006706,0.0006705,88.0
215,29785,2025-10-02 23:59:57.318000,HUMA-USDT-SWAP@OKEX,63.0,0.03491,0.0349,153.0
216,29794,2025-10-02 23:59:57.318000,BAL-USDT-SWAP@GATE-IO,500.0,1.1875,1.146,500.0
217,29793,2025-10-02 23:59:57.318000,INIT-USD-SWAP@KRAKEN,301.0,0.3437,0.3365,164.0
218,29792,2025-10-02 23:59:57.318000,INIT-USD-SWAP@KRAKEN,301.0,0.3437,0.3366,149.0
219,29795,2025-10-02 23:59:57.318000,ANIME-USDT-SWAP@GATE-IO,51.0,0.0149,0.014885,500.0
220,29789,2025-10-02 23:59:57.318000,MYX-USDT-SWAP@BYBIT,25.0,10.3318,10.3226,2.0
221,29788,2025-10-02 23:59:57.318000,TRB-USDT-SWAP@OKEX,380.0,33.88,33.87,168.0
222,29787,2025-10-02 23:59:57.318000,H-USDT-SWAP@OKEX,176.0,0.06699,0.06698,42.0
223,29791,2025-10-02 23:59:57.318000,INIT-USD-SWAP@KRAKEN,301.0,0.3437,0.3365,164.0
224,29775,2025-10-02 23:59:57.319000,BROCCOLIF3B-USDT-SWAP@GATE-IO,289.0,0.01067,0.01063,101.0
225,29774,2025-10-02 23:59:57.319000,DYM-USDT-SWAP@GATE-IO,584.0,0.1907,0.1904,224.0
226,29773,2025-10-02 23:59:57.319000,TRB-USDT-SWAP@GATE-IO,653.0,33.89,33.88,32.0
227,29772,2025-10-02 23:59:57.319000,VIC-USDT-SWAP@BITGET,6000.0,0.2241,0.2239,1177.0
228,29765,2025-10-02 23:59:57.320000,THETA-USDC-SWAP@COINBASEINT,231.5,0.7416,0.7408,195.0
229,29764,2025-10-02 23:59:57.320000,THETA-USDT-SWAP@KUCOIN,9048.0,0.7416,0.7411,13653.0
230,29766,2025-10-02 23:59:57.320000,ESPORTS-USDT-SWAP@HTX,44.0,0.18795,0.18702,44.0
231,29771,2025-10-02 23:59:57.320000,PLUME-USDT-SWAP@BINANCE,11824.0,0.09897,0.09896,1337.0
232,29768,2025-10-02 23:59:57.320000,AVNT-USDT-SWAP@BYBIT,609.0,1.1311,1.131,52.0
233,29769,2025-10-02 23:59:57.320000,WLD-USDT-SWAP@BYBIT,1091.8,1.3539,1.3537,981.6
234,29770,2025-10-02 23:59:57.320000,TRX-USDT-SWAP@BINANCE,45092.0,0.34249,0.34248,7512.0
235,29767,2025-10-02 23:59:57.320000,NFP-USDT-SWAP@GATE-IO,186.0,0.06293,0.06264,186.0
236,29757,2025-10-02 23:59:57.321000,RAY-USDT-SWAP@KUCOIN,20.0,3.0528,3.0505,21.0
237,29759,2025-10-02 23:59:57.321000,LINK-USD-SWAP@BITGET,10.0,22.815,22.811,10.0
238,29758,2025-10-02 23:59:57.321000,IO-USDC-SWAP@COINBASEINT,22.4,0.5679,0.5674,21.6
239,29761,2025-10-02 23:59:57.321000,OXT-USDT-SWAP@GATE-IO,23.0,0.05087,0.05077,23.0
240,29762,2025-10-02 23:59:57.321000,IO-USDT-SWAP@GATE-IO,97.0,0.568,0.5677,87.0
241,29763,2025-10-02 23:59:57.321000,CFX-USDT-SWAP@BINANCE,7684.0,0.15049,0.15047,11038.0
242,29760,2025-10-02 23:59:57.321000,SLAY-USDT-SWAP@GATE-IO,980.0,0.02456,0.02432,166.0
243,29756,2025-10-02 23:59:57.321954,TAKE-USDT-SWAP@PHEMEX,331.4,0.1961,0.19542,331.3
244,29747,2025-10-02 23:59:57.322000,CFX-USDT-SWAP@OKEX,105.0,0.15044,0.15042,930.0
245,29744,2025-10-02 23:59:57.322000,ERA-USDT-SWAP@HTX,140.0,0.5567,0.554,141.0
246,29745,2025-10-02 23:59:57.322000,SATS-USDT-SWAP@OKEX,2479.0,3.9e-08,3.9e-08,5375.0
247,29746,2025-10-02 23:59:57.322000,PTB-USDT-SWAP@BITGET,3022.0,0.05761,0.05757,494.0
248,29748,2025-10-02 23:59:57.322000,C98-USDT-SWAP@BITGET,4000.0,0.0658,0.06577,4000.0
249,29743,2025-10-02 23:59:57.322000,THETA-USDT-SWAP@KUCOIN,9048.0,0.7416,0.7413,2102.0
250,29750,2025-10-02 23:59:57.322000,ARB-USDT-SWAP@OKEX,18.7,0.4525,0.4524,3250.3
251,29751,2025-10-02 23:59:57.322000,NOM-USDT-SWAP@BYBIT,7310.0,0.03879,0.03878,6890.0
252,29752,2025-10-02 23:59:57.322000,W-USDT-SWAP@BINANCE,8008.9,0.11221,0.1122,4152.4
253,29753,2025-10-02 23:59:57.322000,KERNEL-USDT-SWAP@BYBIT,972.0,0.2017,0.2015,155.0
254,29754,2025-10-02 23:59:57.322000,DOT-USDT-SWAP@BINANCE,4897.7,4.306,4.305,5882.6
255,29755,2025-10-02 23:59:57.322000,CRV-USDT-SWAP@BINANCE,126282.3,0.744,0.743,202623.1
256,29749,2025-10-02 23:59:57.322000,AUCTION-USDT-SWAP@BITGET,3.6,8.78,8.776,23.94
257,29742,2025-10-02 23:59:57.323000,MITO-USDT-SWAP@BYBIT,116.0,0.15441,0.15437,324.0
258,29741,2025-10-02 23:59:57.323000,PTB-USDT-SWAP@BINANCE,4432.0,0.0576,0.05757,12597.0
259,29740,2025-10-02 23:59:57.323000,RAY-USD-SWAP@KRAKEN,326.0,3.0642,3.0551,40.0
260,29731,2025-10-02 23:59:57.324000,THETA-USDT-SWAP@KUCOIN,9048.0,0.7416,0.7411,13653.0
261,29732,2025-10-02 23:59:57.324000,THETA-USDT-SWAP@KUCOIN,9048.0,0.7416,0.7412,2102.0
262,29733,2025-10-02 23:59:57.324000,CAKE-USDC-SWAP@COINBASEINT,16.5,3.10126,3.0987,16.5
263,29734,2025-10-02 23:59:57.324000,XAUT-USDT-SWAP@OKEX,9340.0,3862.9,3862.8,1505.0
264,29736,2025-10-02 23:59:57.324000,THETA-USDT-SWAP@OKEX,90.7,0.7404,0.74,35.0
265,29737,2025-10-02 23:59:57.324000,PTB-USDT-SWAP@GATE-IO,8.0,0.05757,0.05755,10.0
266,29738,2025-10-02 23:59:57.324000,DOGE-USDT-SWAP@OKEX,312.55,0.26194,0.26193,113.72
267,29739,2025-10-02 23:59:57.324000,DODOX-USDT-SWAP@BINANCE,418.0,0.047982,0.047955,704.0
268,29735,2025-10-02 23:59:57.324000,XAN-USDT-SWAP@GATE-IO,16.0,0.1045,0.10442,2.0
269,29730,2025-10-02 23:59:57.325000,FLOCK-USDT-SWAP@BYBIT,18.0,0.28592,0.2859,743.0
270,29729,2025-10-02 23:59:57.325000,OG-USDT-SWAP@BYBIT,0.8,14.6843,14.6821,3.1
271,29728,2025-10-02 23:59:57.325000,FARTCOIN-USDT-SWAP@BYBIT,39.0,0.6773,0.6772,1810.0
272,29727,2025-10-02 23:59:57.325000,FUEL-USDT-SWAP@GATE-IO,50.0,0.005088,0.005055,486.0
273,29726,2025-10-02 23:59:57.325000,HYPE-USDT-SWAP@GATE-IO,72.0,50.771,50.766,13.0
274,29725,2025-10-02 23:59:57.325000,CETUS-USDT-SWAP@KUCOIN,77.0,0.08158,0.08157,159.0
275,29713,2025-10-02 23:59:57.326000,XRP-USDT-SWAP@KUCOIN,177.0,3.03878,3.03877,392.0
276,29714,2025-10-02 23:59:57.326000,XBT-USDT-SWAP@KUCOIN,209.0,120507.2,120507.1,4292.0
277,29715,2025-10-02 23:59:57.326000,XBT-USDT-SWAP@KUCOIN,98.0,120507.2,120507.1,4292.0
278,29716,2025-10-02 23:59:57.326000,XBT-USDT-SWAP@KUCOIN,71.0,120507.2,120507.1,4292.0
279,29717,2025-10-02 23:59:57.326000,VFY-USDT-SWAP@KUCOIN,300.0,0.10054,0.10031,1183.0
280,29720,2025-10-02 23:59:57.326000,RSR-USDT-SWAP@BITGET,50000.0,0.006677,0.006672,50000.0
281,29719,2025-10-02 23:59:57.326000,SOL-USDT-SWAP@BITGET,1161.6,234.605,234.604,54.7
282,29721,2025-10-02 23:59:57.326000,RAY-USD-SWAP@KRAKEN,21.0,3.0641,3.0551,40.0
283,29722,2025-10-02 23:59:57.326000,PUFFER-USDT-SWAP@GATE-IO,50.0,0.184,0.1837,330.0
284,29723,2025-10-02 23:59:57.326000,ENS-USDT-SWAP@BINANCE,16.0,21.834,21.833,0.8
285,29724,2025-10-02 23:59:57.326000,ENA-USDT-SWAP@BINANCE,46072.0,0.6311,0.631,948.0
286,29718,2025-10-02 23:59:57.326000,ETH-USDC-SWAP@KUCOIN,26.0,4487.39,4483.67,27.0
287,29712,2025-10-02 23:59:57.327000,BTC-USDT-SWAP@BINANCE,5.481,120481.2,120481.1,19.234
288,29711,2025-10-02 23:59:57.327000,DOGE-USDT-SWAP@BINANCE,210607.0,0.26193,0.26192,26796.0
289,29710,2025-10-02 23:59:57.327000,DOGE-USD-SWAP@CRYPTO-COM,3000.0,0.262221,0.262186,1000.0
290,29709,2025-10-02 23:59:57.327000,FORM-USDT-SWAP@GATE-IO,40.0,1.2189,1.218,391.0
291,29708,2025-10-02 23:59:57.327000,FARTCOIN-USDT-SWAP@BITGET,887.4,0.6772,0.6771,526.5
292,29707,2025-10-02 23:59:57.327000,ASTER-USDT-SWAP@HTX,146.0,1.7979,1.7974,55.0
293,29701,2025-10-02 23:59:57.328000,MITO-USDT-SWAP@BITGET,1000.0,0.15437,0.15431,305.0
294,29702,2025-10-02 23:59:57.328000,LA-USDT-SWAP@OKEX,38.0,0.3679,0.3677,370.0
295,29705,2025-10-02 23:59:57.328000,FARTCOIN-USDT-SWAP@GATE-IO,190.0,0.6771,0.677,443.0
296,29704,2025-10-02 23:59:57.328000,AVNT-USDT-SWAP@OKEX,807.0,1.1304,1.1303,34.0
297,29706,2025-10-02 23:59:57.328000,SXT-USDT-SWAP@BYBIT,216.0,0.07237,0.07226,8728.0
298,29703,2025-10-02 23:59:57.328000,HUMA-USDT-SWAP@OKEX,63.0,0.03491,0.0349,143.0
299,29700,2025-10-02 23:59:57.329000,HAEDAL-USDT-SWAP@GATE-IO,33.0,0.1361,0.13603,7.0
300,29699,2025-10-02 23:59:57.329000,MIRA-USDT-SWAP@KUCOIN,28.0,0.616079,0.615411,5.0
301,29698,2025-10-02 23:59:57.329000,XBT-USDT-SWAP@KUCOIN,209.0,120507.2,120507.1,4321.0
302,29697,2025-10-02 23:59:57.329335,MITO-USDT-SWAP@PHEMEX,443.0,0.15443,0.15417,438.0
303,29689,2025-10-02 23:59:57.330000,COAI-USDT-SWAP@KUCOIN,679.0,0.31714,0.31641,1535.0
304,29687,2025-10-02 23:59:57.330000,ETH-USDC-SWAP@KUCOIN,26.0,4487.39,4483.89,26.0
305,29688,2025-10-02 23:59:57.330000,EPT-USDT-SWAP@KUCOIN,118.0,0.00532,0.005311,125.0
306,29690,2025-10-02 23:59:57.330000,10000LADYS-USDT-SWAP@KUCOIN,50.0,0.0002364,0.0002341,504.0
307,29696,2025-10-02 23:59:57.330000,DOOD-USDT-SWAP@BYBIT,19360.0,0.005718,0.005717,8550.0
308,29692,2025-10-02 23:59:57.330000,C-USDT-SWAP@HTX,16.0,0.17623,0.17008,43.0
309,29693,2025-10-02 23:59:57.330000,INIT-USD-SWAP@KRAKEN,301.0,0.3437,0.3367,149.0
310,29694,2025-10-02 23:59:57.330000,INIT-USD-SWAP@KRAKEN,301.0,0.3437,0.3366,454.0
311,29695,2025-10-02 23:59:57.330000,MOVE-USDT-SWAP@BINANCE,20678.0,0.1158,0.1157,38914.0
312,29691,2025-10-02 23:59:57.330000,0G-USDT-SWAP@BITGET,28.0,2.7029,2.7013,54.0
313,29686,2025-10-02 23:59:57.330333,DRIFT-USDT-SWAP@PHEMEX,71.0,0.8944,0.8934,70.0
314,29681,2025-10-02 23:59:57.331000,XEM-USDT-SWAP@KUCOIN,15809.0,0.001762,0.001757,15808.0
315,29682,2025-10-02 23:59:57.331000,CETUS-USDT-SWAP@KUCOIN,77.0,0.08158,0.08156,329.0
316,29684,2025-10-02 23:59:57.331000,BTC-USD-SWAP@CRYPTO-COM,0.4105,120609.6,120609.5,0.3191
317,29685,2025-10-02 23:59:57.331000,AXL-USDT-SWAP@BINANCE,2065.5,0.2984,0.2982,4650.0
318,29683,2025-10-02 23:59:57.331000,AXL-USDT-SWAP@KUCOIN,5228.0,0.2988,0.2984,316.0
319,29672,2025-10-02 23:59:57.332000,10000CAT-USDT-SWAP@KUCOIN,91.0,0.07804,0.07792,92.0
320,29668,2025-10-02 23:59:57.332000,XEM-USDT-SWAP@KUCOIN,15810.0,0.001762,0.001757,15808.0
321,29669,2025-10-02 23:59:57.332000,XBT-USDT-SWAP@KUCOIN,230.0,120507.2,120507.1,4321.0
322,29670,2025-10-02 23:59:57.332000,VFY-USDT-SWAP@BITGET,724.0,0.10057,0.10047,366.0
323,29671,2025-10-02 23:59:57.332000,AIA-USDT-SWAP@KUCOIN,13.0,1.49461,1.49097,10.0
324,29673,2025-10-02 23:59:57.332000,BTT-USDT-SWAP@HTX,18.0,6.16e-07,6.11e-07,164.0
325,29680,2025-10-02 23:59:57.332000,ATOM-USDT-SWAP@BYBIT,266.7,4.314,4.313,836.6
326,29675,2025-10-02 23:59:57.332000,ARB-USDT-SWAP@OKEX,18.9,0.4525,0.4524,3250.3
327,29676,2025-10-02 23:59:57.332000,RAY-USDT-SWAP@OKEX,10.0,3.0511,3.051,1.0
328,29677,2025-10-02 23:59:57.332000,RAY-USD-SWAP@CRYPTO-COM,1.0,3.0564,3.0549,1.0
329,29678,2025-10-02 23:59:57.332000,AIA-USDT-SWAP@BYBIT,67.0,1.4996,1.4978,61.0
330,29679,2025-10-02 23:59:57.332000,MYX-USDT-SWAP@BINANCE,15.0,9.684,9.681,1.0
331,29674,2025-10-02 23:59:57.332000,AUCTION-USDT-SWAP@OKEX,18.0,8.773,8.772,127.0
332,29667,2025-10-02 23:59:57.333000,TRUTH-USDT-SWAP@BYBIT,8380.0,0.01319,0.013185,5580.0
333,29666,2025-10-02 23:59:57.333000,LINK-USDT-SWAP@GATE-IO,31.0,22.764,22.763,50.0
334,29665,2025-10-02 23:59:57.333000,ARIA-USDT-SWAP@BITGET,483.0,0.20812,0.20785,29141.0
335,29664,2025-10-02 23:59:57.333000,DOGE-USDT-SWAP@HTX,610.0,0.261902,0.261901,968.0
336,29663,2025-10-02 23:59:57.333000,FARTCOIN-USDT-SWAP@HTX,172.0,0.67797,0.67772,174.0
337,29662,2025-10-02 23:59:57.333000,XBT-USDT-SWAP@KUCOIN,234.0,120507.2,120507.1,4321.0
338,29652,2025-10-02 23:59:57.334000,XEM-USDT-SWAP@KUCOIN,15995.0,0.001761,0.001757,15808.0
339,29653,2025-10-02 23:59:57.334000,EPT-USDT-SWAP@KUCOIN,118.0,0.00532,0.005312,118.0
340,29654,2025-10-02 23:59:57.334000,COAI-USDT-SWAP@KUCOIN,685.0,0.31714,0.31641,1535.0
341,29655,2025-10-02 23:59:57.334000,BTC-USDT-SWAP@HTX,1854.0,120474.2,120474.1,3948.0
342,29660,2025-10-02 23:59:57.334000,LINK-USDT-SWAP@BINANCE,606.36,22.766,22.765,14.6
343,29657,2025-10-02 23:59:57.334000,SPK-USDT-SWAP@OKEX,52.0,0.05247,0.05246,24.0
344,29658,2025-10-02 23:59:57.334000,JUP-USDT-SWAP@HTX,1.0,0.4724,0.4723,4100.0
345,29659,2025-10-02 23:59:57.334000,RAYSOL-USDT-SWAP@BINANCE,74.8,3.0515,3.0513,258.6
346,29661,2025-10-02 23:59:57.334000,FET-USDT-SWAP@BINANCE,10878.0,0.6074,0.6073,6739.0
347,29656,2025-10-02 23:59:57.334000,AXL-USDT-SWAP@KUCOIN,210.0,0.2987,0.2984,316.0
348,29645,2025-10-02 23:59:57.335000,F-USDT-SWAP@KUCOIN,1451.0,0.01374,0.01371,346.0
349,29644,2025-10-02 23:59:57.335000,TSTBSC-USDT-SWAP@KUCOIN,476.0,0.03704,0.03698,615.0
350,29646,2025-10-02 23:59:57.335000,DRIFT-USDT-SWAP@KUCOIN,2479.0,0.8946,0.8928,676.0
351,29651,2025-10-02 23:59:57.335000,HUMA-USDT-SWAP@BYBIT,2411.0,0.03489,0.03488,7574.0
352,29648,2025-10-02 23:59:57.335000,ALPINE-USDT-SWAP@KUCOIN,136.0,1.484,1.4828,122.0
353,29649,2025-10-02 23:59:57.335000,10000CAT-USDT-SWAP@KUCOIN,91.0,0.07804,0.07793,89.0
354,29650,2025-10-02 23:59:57.335000,ESPORTS-USDT-SWAP@HTX,44.0,0.18795,0.18704,44.0
355,29647,2025-10-02 23:59:57.335000,CETUS-USDT-SWAP@KUCOIN,77.0,0.08158,0.08156,203.0
356,29643,2025-10-02 23:59:57.336000,LISTA-USDT-SWAP@BINANCE,3972.0,0.3159,0.3157,4689.0
357,29642,2025-10-02 23:59:57.336000,VFY-USDT-SWAP@GATE-IO,62.0,0.10054,0.10044,13.0
358,29641,2025-10-02 23:59:57.336000,APT-USDT-SWAP@HTX,231.0,5.2237,5.2217,341.0
359,29640,2025-10-02 23:59:57.336000,BANANAS31-USDT-SWAP@HTX,68.0,0.005425,0.00536,186.0
360,29639,2025-10-02 23:59:57.336800,AVNT-USDT-SWAP@PHEMEX,54.9,1.13215,1.13044,108.9
361,29635,2025-10-02 23:59:57.337000,SOON-USDT-SWAP@HTX,14.0,0.48741,0.48664,14.0
362,29638,2025-10-02 23:59:57.337000,APT-USD-SWAP@CRYPTO-COM,0.1,5.2325,5.2306,0.1
363,29637,2025-10-02 23:59:57.337000,MYX-USDT-SWAP@BYBIT,4.0,10.3314,10.3226,2.0
364,29636,2025-10-02 23:59:57.337000,10000LADYS-USDT-SWAP@KUCOIN,550.0,0.0002364,0.0002341,504.0
365,29627,2025-10-02 23:59:57.338000,COAI-USDT-SWAP@KUCOIN,691.0,0.31714,0.31641,1535.0
366,29625,2025-10-02 23:59:57.338000,MYX-USDT-SWAP@BITGET,24.0,9.8698,9.8473,16.0
367,29626,2025-10-02 23:59:57.338000,COAI-USDT-SWAP@KUCOIN,685.0,0.31714,0.31641,1535.0
368,29628,2025-10-02 23:59:57.338000,AVNT-USDT-SWAP@OKEX,976.0,1.1304,1.1303,26.0
369,29624,2025-10-02 23:59:57.338000,XVG-USDT-SWAP@KUCOIN,1.0,0.009371,0.009313,502.0
370,29630,2025-10-02 23:59:57.338000,2Z-USDT-SWAP@OKEX,33.0,0.5975,0.5973,1.0
371,29631,2025-10-02 23:59:57.338000,KSM-USD-SWAP@KRAKEN,3.43,15.501,15.476,3.41
372,29632,2025-10-02 23:59:57.338000,DOGE-USD-SWAP@CRYPTO-COM,1760.0,0.262219,0.262186,1000.0
373,29633,2025-10-02 23:59:57.338000,TRUTH-USDT-SWAP@BINANCE,1919.0,0.013167,0.013165,9373.0
374,29634,2025-10-02 23:59:57.338000,AIA-USDT-SWAP@BINANCE,150.0,1.49657,1.49571,19.0
375,29629,2025-10-02 23:59:57.338000,AVAX-USDT-SWAP@BITGET,83.1,30.977,30.976,253.1
376,29623,2025-10-02 23:59:57.339000,ADA-USDT-SWAP@HTX,22.0,0.870488,0.870487,495.0
377,29622,2025-10-02 23:59:57.339000,C-USDT-SWAP@HTX,43.0,0.17622,0.17008,43.0
378,29621,2025-10-02 23:59:57.339000,ENS-USDT-SWAP@KUCOIN,7.0,21.844,21.839,100.0
379,29620,2025-10-02 23:59:57.340000,TAO-USDT-SWAP@BINANCE,0.599,325.53,325.52,0.616
380,29619,2025-10-02 23:59:57.340000,AVNT-USDT-SWAP@BYBIT,1436.0,1.131,1.1309,64.0
381,29611,2025-10-02 23:59:57.341000,ONDO-USDT-SWAP@BITGET,1361.5,0.9573,0.9572,1632.8
382,29612,2025-10-02 23:59:57.341000,FIS-USDT-SWAP@BITGET,15971.0,0.08546,0.08536,937.0
383,29613,2025-10-02 23:59:57.341000,KSM-USD-SWAP@KRAKEN,3.43,15.501,15.474,3.41
384,29617,2025-10-02 23:59:57.341000,BTC-USD-SWAP@CRYPTO-COM,0.5605,120609.6,120609.5,0.3191
385,29615,2025-10-02 23:59:57.341000,DEGEN-USD-SWAP@KRAKEN,72072.0,0.003368,0.003049,71557.0
386,29616,2025-10-02 23:59:57.341000,DEGEN-USD-SWAP@KRAKEN,72072.0,0.003368,0.003048,73103.0
387,29618,2025-10-02 23:59:57.341000,XPL-USDT-SWAP@BINANCE,1741.0,0.9331,0.933,1908.0
388,29614,2025-10-02 23:59:57.341000,DEGEN-USD-SWAP@KRAKEN,72072.0,0.003368,0.003049,144660.0
389,29604,2025-10-02 23:59:57.342000,REZ-USD-SWAP@KRAKEN,170001.0,0.012517,0.012379,1211.0
390,29601,2025-10-02 23:59:57.342000,CFX-USDT-SWAP@OKEX,105.0,0.15044,0.15042,924.0
391,29603,2025-10-02 23:59:57.342000,XPIN-USDT-SWAP@GATE-IO,1.0,0.000897,0.0008963,102.0
392,29605,2025-10-02 23:59:57.342000,RAY-USDT-SWAP@OKEX,11.0,3.051,3.0505,2.0
393,29602,2025-10-02 23:59:57.342000,ATH-USDT-SWAP@OKEX,65.0,0.0516,0.05159,2.0
394,29607,2025-10-02 23:59:57.342000,NXPC-USDT-SWAP@GATE-IO,100.0,0.5311,0.5307,3531.0
395,29608,2025-10-02 23:59:57.342000,C98-USDT-SWAP@BYBIT,377.8,0.06577,0.06573,911.5
396,29609,2025-10-02 23:59:57.342000,AVNT-USDT-SWAP@BINANCE,1355.0,1.1307,1.1306,29.0
397,29610,2025-10-02 23:59:57.342000,1000FLOKI-USDT-SWAP@BINANCE,19461.0,0.08795,0.08794,8054.0
398,29606,2025-10-02 23:59:57.342000,RAY-USD-SWAP@CRYPTO-COM,1.0,3.0564,3.0556,1.0
399,29591,2025-10-02 23:59:57.343000,AIA-USDT-SWAP@HTX,4.0,1.50338,1.4869,10.0
400,29592,2025-10-02 23:59:57.343000,POL-USDT-SWAP@HTX,42.0,0.24036,0.23997,368.0
401,29593,2025-10-02 23:59:57.343000,INIT-USD-SWAP@KRAKEN,301.0,0.3437,0.3368,149.0
402,29594,2025-10-02 23:59:57.343000,INIT-USD-SWAP@KRAKEN,301.0,0.3437,0.3365,164.0
403,29595,2025-10-02 23:59:57.343000,XVG-USDT-SWAP@BYBIT,800.0,0.009384,0.009362,5800.0
404,29596,2025-10-02 23:59:57.343000,TOWNS-USDT-SWAP@BINANCE,3851.0,0.0194,0.01939,22869.0
405,29597,2025-10-02 23:59:57.343000,MITO-USDT-SWAP@BYBIT,324.0,0.15439,0.15437,324.0
406,29598,2025-10-02 23:59:57.343000,KERNEL-USDT-SWAP@BYBIT,1099.0,0.2017,0.2015,155.0
407,29599,2025-10-02 23:59:57.343000,ETH-USDT-SWAP@BINANCE,300.465,4481.71,4481.7,12.774
408,29600,2025-10-02 23:59:57.343000,AGT-USDT-SWAP@BINANCE,12453.0,0.005413,0.005408,28744.0
409,29580,2025-10-02 23:59:57.344000,AVNT-USDT-SWAP@BITGET,202.0,1.13181,1.13171,131.0
410,29581,2025-10-02 23:59:57.344000,SUI-USDT-SWAP@OKEX,832.0,3.5848,3.5847,404.0
411,29582,2025-10-02 23:59:57.344000,SPK-USDT-SWAP@OKEX,54.0,0.05247,0.05246,26.0
412,29583,2025-10-02 23:59:57.344000,PIPPIN-USD-SWAP@KRAKEN,15411.0,0.02005,0.01963,15075.0
413,29584,2025-10-02 23:59:57.344000,PIPPIN-USD-SWAP@KRAKEN,15411.0,0.02005,0.01958,45960.0
414,29590,2025-10-02 23:59:57.344000,BTC-USDT-SWAP@BYBIT,4.692,120484.1,120484.0,15.551
415,29586,2025-10-02 23:59:57.344000,RVN-USDT-SWAP@OKEX,7248.0,0.01257,0.01256,4446.0
416,29587,2025-10-02 23:59:57.344000,DEGEN-USD-SWAP@KRAKEN,72072.0,0.003368,0.00305,144660.0
417,29588,2025-10-02 23:59:57.344000,DEGEN-USD-SWAP@KRAKEN,72072.0,0.003368,0.00305,71557.0
418,29589,2025-10-02 23:59:57.344000,DEGEN-USD-SWAP@KRAKEN,72072.0,0.003368,0.003049,73103.0
419,29585,2025-10-02 23:59:57.344000,MOVR-USDT-SWAP@BITGET,4.23,5.687,5.685,4.22
420,29572,2025-10-02 23:59:57.345000,INIT-USD-SWAP@KRAKEN,301.0,0.3437,0.3369,149.0
421,29570,2025-10-02 23:59:57.345000,JOE-USDT-SWAP@BITGET,15228.6,0.1685,0.1683,2850.7
422,29571,2025-10-02 23:59:57.345000,FARTCOIN-USDT-SWAP@HTX,172.0,0.67795,0.67772,174.0
423,29573,2025-10-02 23:59:57.345000,INIT-USD-SWAP@KRAKEN,301.0,0.3437,0.3365,164.0
424,29577,2025-10-02 23:59:57.345000,ALU-USDT-SWAP@BYBIT,6830.0,0.022932,0.022895,700.0
425,29575,2025-10-02 23:59:57.345000,DEGEN-USD-SWAP@KRAKEN,72072.0,0.003368,0.003039,73103.0
426,29578,2025-10-02 23:59:57.345000,XVG-USDT-SWAP@BINANCE,407.0,0.009371,0.00937,29776.0
427,29574,2025-10-02 23:59:57.345000,DEGEN-USD-SWAP@KRAKEN,72072.0,0.003368,0.003039,144660.0
428,29576,2025-10-02 23:59:57.345000,DEGEN-USD-SWAP@KRAKEN,72072.0,0.003368,0.00305,71557.0
429,29579,2025-10-02 23:59:57.345000,FLOCK-USDT-SWAP@BYBIT,18.0,0.28592,0.28591,359.0
430,29569,2025-10-02 23:59:57.345711,THETA-USDT-SWAP@PHEMEX,292.4,0.7405,0.7403,404.9
431,29568,2025-10-02 23:59:57.346000,EIGEN-USDT-SWAP@BYBIT,147.0,1.7808,1.7807,258.0
432,29561,2025-10-02 23:59:57.346000,PIPPIN-USD-SWAP@KRAKEN,15411.0,0.02005,0.01959,15075.0
433,29562,2025-10-02 23:59:57.346000,PIPPIN-USD-SWAP@KRAKEN,15411.0,0.02005,0.01958,45960.0
434,29563,2025-10-02 23:59:57.346000,ETHFI-USDT-SWAP@BITGET,167.5,1.753,1.7529,182.7
435,29559,2025-10-02 23:59:57.346000,WCT-USDT-SWAP@KUCOIN,40.0,0.25656,0.25623,40.0
436,29565,2025-10-02 23:59:57.346000,DEGEN-USD-SWAP@KRAKEN,72072.0,0.003368,0.003051,144660.0
437,29566,2025-10-02 23:59:57.346000,DEGEN-USD-SWAP@KRAKEN,72072.0,0.003368,0.003051,73103.0
438,29567,2025-10-02 23:59:57.346000,DEGEN-USD-SWAP@KRAKEN,72072.0,0.003368,0.003039,71557.0
439,29564,2025-10-02 23:59:57.346000,PAXG-USD-SWAP@CRYPTO-COM,0.001,3869.58,3869.49,0.001
440,29560,2025-10-02 23:59:57.346000,BLESS-USDT-SWAP@HTX,1725.0,0.023872,0.023835,4748.0
441,29558,2025-10-02 23:59:57.347000,1000RATS-USDT-SWAP@BINANCE,11305.0,0.02725,0.02724,9033.0
442,29557,2025-10-02 23:59:57.347000,BGSC-USDT-SWAP@BITGET,11000.0,0.00502,0.005013,3200.0
443,29556,2025-10-02 23:59:57.347000,PIPPIN-USD-SWAP@KRAKEN,15411.0,0.02005,0.01958,45960.0
444,29555,2025-10-02 23:59:57.347000,PIPPIN-USD-SWAP@KRAKEN,15411.0,0.02005,0.01964,15075.0
445,29548,2025-10-02 23:59:57.348000,AVNT-USDT-SWAP@OKEX,66.0,1.1303,1.1302,15.0
446,29545,2025-10-02 23:59:57.348000,SOL-USDC-SWAP@COINBASEINT,6.289,234.862,234.861,2.389
447,29546,2025-10-02 23:59:57.348000,JUP-USDC-SWAP@COINBASEINT,180.5,0.47349,0.47333,137.4
448,29547,2025-10-02 23:59:57.348000,BARD-USDT-SWAP@BITGET,123.0,0.8795,0.8794,1371.0
449,29549,2025-10-02 23:59:57.348000,2Z-USDT-SWAP@OKEX,18.0,0.5974,0.5973,1.0
450,29551,2025-10-02 23:59:57.348000,DOGE-USD-SWAP@CRYPTO-COM,3000.0,0.262221,0.262186,1000.0
451,29554,2025-10-02 23:59:57.348000,FLM-USDT-SWAP@BYBIT,2571.0,0.02685,0.02683,4795.0
452,29550,2025-10-02 23:59:57.348000,KSM-USD-SWAP@KRAKEN,3.43,15.501,15.472,3.41
453,29552,2025-10-02 23:59:57.348000,APT-USD-SWAP@CRYPTO-COM,0.1,5.2311,5.2306,0.1
454,29553,2025-10-02 23:59:57.348000,AMZNX-USDT-SWAP@GATE-IO,900.0,224.41,222.06,3.0
455,29544,2025-10-02 23:59:57.349000,DEGEN-USD-SWAP@KRAKEN,72072.0,0.003368,0.003051,71557.0
456,29543,2025-10-02 23:59:57.349000,DEGEN-USD-SWAP@KRAKEN,72072.0,0.003368,0.003052,73103.0
457,29542,2025-10-02 23:59:57.349000,DEGEN-USD-SWAP@KRAKEN,72072.0,0.003368,0.003052,144660.0
458,29541,2025-10-02 23:59:57.349000,PIPPIN-USD-SWAP@KRAKEN,15411.0,0.02005,0.01958,45960.0
459,29540,2025-10-02 23:59:57.349000,PIPPIN-USD-SWAP@KRAKEN,15411.0,0.02005,0.01959,15075.0
460,29539,2025-10-02 23:59:57.349000,STORJ-USDT-SWAP@BITGET,1462.1,0.245,0.2448,3534.6
461,29538,2025-10-02 23:59:57.349819,C98-USDT-SWAP@PHEMEX,12902.0,0.0658,0.0657,7074.0
462,29535,2025-10-02 23:59:57.350000,PIPPIN-USD-SWAP@KRAKEN,15411.0,0.02005,0.01958,45960.0
463,29534,2025-10-02 23:59:57.350000,PIPPIN-USD-SWAP@KRAKEN,15411.0,0.02005,0.01965,15075.0
464,29533,2025-10-02 23:59:57.350000,TRB-USDT-SWAP@HTX,22.0,33.896,33.86,564.0
465,29532,2025-10-02 23:59:57.350000,ADA-USDT-SWAP@KUCOIN,36.0,0.87076,0.87071,30.0
466,29531,2025-10-02 23:59:57.350000,SOL-USDT-SWAP@KUCOIN,485.0,234.763,234.762,36.0
467,29530,2025-10-02 23:59:57.350000,STX-USDT-SWAP@KUCOIN,110.0,0.6232,0.623,799.0
468,29537,2025-10-02 23:59:57.350000,THETA-USDT-SWAP@BYBIT,2148.6,0.7406,0.7405,202.4
469,29536,2025-10-02 23:59:57.350000,MLN-USDT-SWAP@BITGET,3.0,8.044,8.041,3.0
470,29526,2025-10-02 23:59:57.351000,DEGEN-USD-SWAP@KRAKEN,72072.0,0.003368,0.003053,144660.0
471,29525,2025-10-02 23:59:57.351000,XVG-USDT-SWAP@KUCOIN,266.0,0.00937,0.009313,502.0
472,29527,2025-10-02 23:59:57.351000,DEGEN-USD-SWAP@KRAKEN,72072.0,0.003368,0.003053,73103.0
473,29529,2025-10-02 23:59:57.351000,AIA-USDT-SWAP@BYBIT,32.0,1.4995,1.4978,100.0
474,29528,2025-10-02 23:59:57.351000,DEGEN-USD-SWAP@KRAKEN,72072.0,0.003368,0.003052,71557.0
475,29502,2025-10-02 23:59:57.352000,TA-USDT-SWAP@HTX,120.0,0.06699,0.06682,120.0
476,29504,2025-10-02 23:59:57.352000,SOL-USDT-SWAP@KUCOIN,485.0,234.763,234.762,18.0
477,29505,2025-10-02 23:59:57.352000,JUP-USDC-SWAP@COINBASEINT,138.3,0.47348,0.47333,137.4
478,29506,2025-10-02 23:59:57.352000,BCH-USDT-SWAP@KUCOIN,8.0,594.28,594.14,60.0
479,29507,2025-10-02 23:59:57.352000,PIPPIN-USD-SWAP@KRAKEN,15411.0,0.02005,0.01966,15075.0
480,29508,2025-10-02 23:59:57.352000,PIPPIN-USD-SWAP@KRAKEN,15411.0,0.02005,0.01958,45960.0
481,29509,2025-10-02 23:59:57.352000,PIPPIN-USD-SWAP@KRAKEN,15411.0,0.02005,0.01959,15075.0
482,29510,2025-10-02 23:59:57.352000,PIPPIN-USD-SWAP@KRAKEN,15411.0,0.02005,0.01958,45960.0
483,29511,2025-10-02 23:59:57.352000,CFX-USDT-SWAP@OKEX,105.0,0.15044,0.15043,133.0
484,29512,2025-10-02 23:59:57.352000,ATH-USDT-SWAP@OKEX,65.0,0.0516,0.05158,186.0
485,29503,2025-10-02 23:59:57.352000,SOL-USDT-SWAP@KUCOIN,535.0,234.763,234.762,18.0
486,29514,2025-10-02 23:59:57.352000,RAY-USD-SWAP@CRYPTO-COM,1.0,3.0573,3.053,31.0
487,29515,2025-10-02 23:59:57.352000,OG-USDT-SWAP@GATE-IO,36.0,14.704,14.699,29.0
488,29516,2025-10-02 23:59:57.352000,LINK-USDT-SWAP@OKEX,135.9,22.765,22.764,115.2
489,29517,2025-10-02 23:59:57.352000,COOKIE-USDT-SWAP@GATE-IO,39.0,0.13257,0.13246,38.0
490,29518,2025-10-02 23:59:57.352000,BTC-USDT-SWAP@OKEX,507.84,120478.0,120477.9,897.49
491,29519,2025-10-02 23:59:57.352000,AVAX-USDT-SWAP@OKEX,178.7,30.963,30.962,133.7
492,29520,2025-10-02 23:59:57.352000,ADA-USDT-SWAP@OKEX,211.3,0.8704,0.8703,94.2
493,29521,2025-10-02 23:59:57.352000,RVN-USDT-SWAP@BYBIT,72940.0,0.01258,0.01257,207464.0
494,29522,2025-10-02 23:59:57.352000,FXS-USDT-SWAP@BINANCE,161.7,2.2289,2.2284,93.7
495,29523,2025-10-02 23:59:57.352000,CTSI-USDT-SWAP@BINANCE,67336.0,0.0783,0.0782,6541.0
496,29524,2025-10-02 23:59:57.352000,ATOM-USDT-SWAP@BYBIT,357.4,4.314,4.313,836.6
497,29513,2025-10-02 23:59:57.352000,RAY-USDT-SWAP@OKEX,95.0,3.0509,3.0505,2.0
498,29498,2025-10-02 23:59:57.353000,HUMA-USDT-SWAP@KUCOIN,28.0,0.034939,0.034929,231.0
499,29497,2025-10-02 23:59:57.353000,SOL-USDC-SWAP@COINBASEINT,10.895,234.859,234.858,3.0
500,29500,2025-10-02 23:59:57.353000,SAGA-USDT-SWAP@BINANCE,5213.5,0.2245,0.2244,1171.6
501,29501,2025-10-02 23:59:57.353000,RAYDIUM-USDT-SWAP@BYBIT,12.7,3.052,3.051,0.1
502,29499,2025-10-02 23:59:57.353000,APT-USDT-SWAP@GATE-IO,4.0,5.226,5.225,292.0
503,29484,2025-10-02 23:59:57.354000,2Z-USDT-SWAP@KUCOIN,33.0,0.598312,0.597828,371.0
504,29485,2025-10-02 23:59:57.354000,SUI-USDT-SWAP@OKEX,899.0,3.5848,3.5847,404.0
505,29486,2025-10-02 23:59:57.354000,SOL-USDT-SWAP@HTX,166.0,234.5314,234.5313,94.0
506,29487,2025-10-02 23:59:57.354000,ENS-USDT-SWAP@OKEX,25.0,21.832,21.83,13.0
507,29488,2025-10-02 23:59:57.354000,TRUMP-USDT-SWAP@GATE-IO,648.0,7.831,7.829,4353.0
508,29489,2025-10-02 23:59:57.354000,MBABYDOGE-USDT-SWAP@GATE-IO,3802.0,0.0013289,0.0013286,592.0
509,29490,2025-10-02 23:59:57.354000,FUEL-USDT-SWAP@GATE-IO,11.0,0.005087,0.005055,486.0
510,29492,2025-10-02 23:59:57.354000,DEGEN-USD-SWAP@KRAKEN,72072.0,0.003368,0.003043,73103.0
511,29493,2025-10-02 23:59:57.354000,DEGEN-USD-SWAP@KRAKEN,72072.0,0.003368,0.003053,71557.0
512,29494,2025-10-02 23:59:57.354000,TRUTH-USDT-SWAP@BYBIT,8380.0,0.01319,0.013185,6490.0
513,29495,2025-10-02 23:59:57.354000,LINK-USDT-SWAP@BYBIT,2.5,22.765,22.764,241.2
514,29496,2025-10-02 23:59:57.354000,KERNEL-USDT-SWAP@BINANCE,507.0,0.2013,0.2012,9942.0
515,29491,2025-10-02 23:59:57.354000,DEGEN-USD-SWAP@KRAKEN,72072.0,0.003368,0.003054,71557.0
516,29478,2025-10-02 23:59:57.355000,SOL-USDT-SWAP@KUCOIN,535.0,234.763,234.732,46.0
517,29480,2025-10-02 23:59:57.355000,PIPPIN-USD-SWAP@KRAKEN,15411.0,0.02005,0.01967,15075.0
518,29479,2025-10-02 23:59:57.355000,FORM-USDT-SWAP@KUCOIN,1.0,1.22,1.2163,206.0
519,29481,2025-10-02 23:59:57.355000,PIPPIN-USD-SWAP@KRAKEN,15411.0,0.02005,0.01958,45960.0
520,29482,2025-10-02 23:59:57.355000,PARTI-USDT-SWAP@HTX,89.0,0.1393,0.1389,69.0
521,29483,2025-10-02 23:59:57.355000,NOM-USDT-SWAP@GATE-IO,11.0,0.03882,0.03879,5.0
522,29470,2025-10-02 23:59:57.356000,SOL-USDT-SWAP@KUCOIN,9.0,234.734,234.732,46.0
523,29472,2025-10-02 23:59:57.356000,DOGE-USDC-SWAP@KUCOIN,24.0,0.26272,0.26163,42.0
524,29473,2025-10-02 23:59:57.356000,ARB-USDC-SWAP@COINBASEINT,329.8,0.4534,0.4532,639.3
525,29471,2025-10-02 23:59:57.356000,PAXG-USDT-SWAP@KUCOIN,121.0,3867.89,3866.07,47.0
526,29475,2025-10-02 23:59:57.356000,PAXG-USD-SWAP@CRYPTO-COM,0.016,3869.52,3869.29,0.776
527,29476,2025-10-02 23:59:57.356000,MYX-USDT-SWAP@GATE-IO,5.0,10.3143,10.3058,10.0
528,29477,2025-10-02 23:59:57.356000,AVNT-USD-SWAP@CRYPTO-COM,1.0,1.13256,1.1319,1.0
529,29474,2025-10-02 23:59:57.356000,ADA-USDT-SWAP@KUCOIN,24.0,0.87076,0.87071,30.0
530,29469,2025-10-02 23:59:57.356441,IO-USDT-SWAP@PHEMEX,189.0,0.5676,0.5674,2202.0
531,29459,2025-10-02 23:59:57.357000,SOON-USDT-SWAP@GATE-IO,17.0,0.4868,0.4865,18.0
532,29454,2025-10-02 23:59:57.357000,TON-USDT-SWAP@KUCOIN,66.0,2.8441,2.8433,706.0
533,29456,2025-10-02 23:59:57.357000,1MBABYDOGE-USDT-SWAP@KUCOIN,47.0,0.0013264,0.001326,58.0
534,29457,2025-10-02 23:59:57.357000,TOWNS-USDT-SWAP@BITGET,29182.0,0.01943,0.01942,14733.0
535,29458,2025-10-02 23:59:57.357000,SXT-USDT-SWAP@BITGET,17470.0,0.0724,0.0723,45792.0
536,29460,2025-10-02 23:59:57.357000,RAY-USDT-SWAP@GATE-IO,6547.0,3.0538,3.0517,271.0
537,29455,2025-10-02 23:59:57.357000,HUMA-USDT-SWAP@KUCOIN,28.0,0.034938,0.034929,231.0
538,29462,2025-10-02 23:59:57.357000,ETC-USDT-SWAP@GATE-IO,28.0,20.071,20.068,56.0
539,29463,2025-10-02 23:59:57.357000,DEGEN-USD-SWAP@KRAKEN,72072.0,0.003368,0.003054,73103.0
540,29464,2025-10-02 23:59:57.357000,DEGEN-USD-SWAP@KRAKEN,72072.0,0.003368,0.003044,71557.0
541,29465,2025-10-02 23:59:57.357000,DEGEN-USD-SWAP@KRAKEN,72072.0,0.003368,0.003043,73103.0
542,29466,2025-10-02 23:59:57.357000,USELESS-USDT-SWAP@BYBIT,4558.0,0.2312,0.2311,3194.0
543,29468,2025-10-02 23:59:57.357000,PAXG-USDT-SWAP@BINANCE,10.452,3864.86,3864.85,0.678
544,29467,2025-10-02 23:59:57.357000,THETA-USDT-SWAP@BINANCE,2199.7,0.7405,0.7404,56.7
545,29461,2025-10-02 23:59:57.357000,JOE-USDT-SWAP@GATE-IO,73.0,0.1684,0.1682,70.0
546,29442,2025-10-02 23:59:57.358000,STX-USDT-SWAP@KUCOIN,110.0,0.6232,0.623,234.0
547,29443,2025-10-02 23:59:57.358000,SOL-USDT-SWAP@KUCOIN,9.0,234.734,234.733,18.0
548,29444,2025-10-02 23:59:57.358000,ADA-USDT-SWAP@KUCOIN,24.0,0.87076,0.87073,24.0
549,29445,2025-10-02 23:59:57.358000,PIPPIN-USD-SWAP@KRAKEN,15411.0,0.02005,0.01959,15075.0
550,29447,2025-10-02 23:59:57.358000,HUMA-USDT-SWAP@OKEX,63.0,0.03491,0.0349,138.0
551,29446,2025-10-02 23:59:57.358000,PIPPIN-USD-SWAP@KRAKEN,15411.0,0.02005,0.01958,45960.0
552,29449,2025-10-02 23:59:57.358000,AVNT-USDT-SWAP@OKEX,824.0,1.1303,1.1302,7.0
553,29450,2025-10-02 23:59:57.358000,2Z-USDT-SWAP@OKEX,33.0,0.5974,0.5973,1.0
554,29451,2025-10-02 23:59:57.358000,VFY-USDT-SWAP@BYBIT,166.0,0.1006,0.10059,30.0
555,29453,2025-10-02 23:59:57.358000,2Z-USDT-SWAP@GATE-IO,2.0,0.5976,0.59694,3.0
556,29448,2025-10-02 23:59:57.358000,CAKE-USDT-SWAP@HTX,290.0,3.1015,3.0918,290.0
557,29452,2025-10-02 23:59:57.358000,MYX-USDT-SWAP@BYBIT,45.0,10.3381,10.3218,14.0
558,29441,2025-10-02 23:59:57.359000,ALL-USDT-SWAP@GATE-IO,22.0,1.0466,1.0408,1960.0
559,29440,2025-10-02 23:59:57.359000,BLESS-USDT-SWAP@BYBIT,19770.0,0.02385,0.02384,240.0
560,29439,2025-10-02 23:59:57.359000,BTC-USDT-SWAP@GATE-IO,40663.0,120483.0,120482.9,28901.0
561,29438,2025-10-02 23:59:57.359000,EIGEN-USDT-SWAP@BITGET,178.0,1.7816,1.7815,62.0
562,29437,2025-10-02 23:59:57.359000,GRASS-USDT-SWAP@BITGET,1743.0,0.938,0.9372,753.0
563,29436,2025-10-02 23:59:57.359000,SOL-USDT-SWAP@KUCOIN,81.0,234.734,234.733,18.0
564,29421,2025-10-02 23:59:57.360000,F-USDT-SWAP@BITGET,3855.0,0.013738,0.013725,9002.0
565,29418,2025-10-02 23:59:57.360000,DOGE-USDC-SWAP@KUCOIN,24.0,0.26272,0.26164,24.0
566,29420,2025-10-02 23:59:57.360000,PIPPIN-USD-SWAP@KRAKEN,15411.0,0.02005,0.01958,45960.0
567,29419,2025-10-02 23:59:57.360000,PIPPIN-USD-SWAP@KRAKEN,15411.0,0.02005,0.0196,15075.0
568,29428,2025-10-02 23:59:57.360000,DEGEN-USD-SWAP@KRAKEN,72072.0,0.003368,0.003045,71557.0
569,29416,2025-10-02 23:59:57.360000,SOL-USDT-SWAP@KUCOIN,81.0,234.734,234.733,36.0
570,29415,2025-10-02 23:59:57.360000,TON-USDT-SWAP@KUCOIN,66.0,2.8441,2.8434,68.0
571,29422,2025-10-02 23:59:57.360000,ATOM-USDT-SWAP@HTX,21.0,4.3091,4.3079,21.0
572,29417,2025-10-02 23:59:57.360000,SOL-USDC-SWAP@COINBASEINT,3.118,234.847,234.846,2.523
573,29423,2025-10-02 23:59:57.360000,SOL-USD-SWAP@CRYPTO-COM,23.14,234.89,234.88,5.01
574,29431,2025-10-02 23:59:57.360000,DEGEN-USD-SWAP@KRAKEN,72072.0,0.003368,0.003044,71557.0
575,29425,2025-10-02 23:59:57.360000,INIT-USD-SWAP@KRAKEN,301.0,0.3437,0.3365,164.0
576,29434,2025-10-02 23:59:57.360000,ZRO-USDT-SWAP@BYBIT,110.5,2.2846,2.2844,87.4
577,29433,2025-10-02 23:59:57.360000,ALGO-USDT-SWAP@GATE-IO,48.0,0.22499,0.22492,170.0
578,29432,2025-10-02 23:59:57.360000,AVNT-USDT-SWAP@BYBIT,952.0,1.1309,1.1308,30.0
579,29430,2025-10-02 23:59:57.360000,DEGEN-USD-SWAP@KRAKEN,72072.0,0.003368,0.003045,73103.0
580,29424,2025-10-02 23:59:57.360000,INIT-USD-SWAP@KRAKEN,301.0,0.3437,0.337,149.0
581,29435,2025-10-02 23:59:57.360000,RVN-USDT-SWAP@BINANCE,482781.0,0.01257,0.01256,139138.0
582,29427,2025-10-02 23:59:57.360000,DEGEN-USD-SWAP@KRAKEN,72072.0,0.003368,0.003054,73103.0
583,29426,2025-10-02 23:59:57.360000,DEGEN-USD-SWAP@KRAKEN,72072.0,0.003368,0.003055,71557.0
584,29429,2025-10-02 23:59:57.360000,DEGEN-USD-SWAP@KRAKEN,72072.0,0.003368,0.003045,144660.0
585,29414,2025-10-02 23:59:57.360731,VFY-USDT-SWAP@PHEMEX,3694.43,0.10061,0.10044,2243.0
586,29404,2025-10-02 23:59:57.361000,SOL-USDT-SWAP@KUCOIN,148.0,234.734,234.733,134.0
587,29412,2025-10-02 23:59:57.361000,CARV-USDT-SWAP@BITGET,500.0,0.2629,0.2627,500.0
588,29411,2025-10-02 23:59:57.361000,1MBABYDOGE-USDT-SWAP@KUCOIN,47.0,0.0013264,0.0013259,58.0
589,29410,2025-10-02 23:59:57.361000,1MBABYDOGE-USDT-SWAP@KUCOIN,47.0,0.0013264,0.0013258,106.0
590,29409,2025-10-02 23:59:57.361000,ADA-USDT-SWAP@KUCOIN,24.0,0.87089,0.87073,24.0
591,29408,2025-10-02 23:59:57.361000,HUMA-USDT-SWAP@KUCOIN,28.0,0.034937,0.034929,231.0
592,29407,2025-10-02 23:59:57.361000,PAXG-USDT-SWAP@KUCOIN,51.0,3867.9,3866.07,47.0
593,29406,2025-10-02 23:59:57.361000,SOL-USDT-SWAP@KUCOIN,81.0,234.734,234.733,82.0
594,29405,2025-10-02 23:59:57.361000,SOL-USDT-SWAP@KUCOIN,148.0,234.734,234.733,82.0
595,29413,2025-10-02 23:59:57.361000,BTC-USD-SWAP@CRYPTO-COM,0.5605,120609.6,120609.5,0.1143
596,29403,2025-10-02 23:59:57.361236,STX-USDT-SWAP@PHEMEX,170.0,0.6228,0.6227,428.0
597,29401,2025-10-02 23:59:57.362000,KERNEL-USDT-SWAP@BYBIT,1555.0,0.2017,0.2015,155.0
598,29387,2025-10-02 23:59:57.362000,SOL-USDT-SWAP@KUCOIN,158.0,234.734,234.733,206.0
599,29388,2025-10-02 23:59:57.362000,SOL-USDT-SWAP@KUCOIN,148.0,234.734,234.733,206.0
600,29389,2025-10-02 23:59:57.362000,SOL-USDC-SWAP@COINBASEINT,7.306,234.847,234.846,2.523
601,29390,2025-10-02 23:59:57.362000,1MBABYDOGE-USDT-SWAP@KUCOIN,47.0,0.0013264,0.0013261,46.0
602,29391,2025-10-02 23:59:57.362000,W-USDT-SWAP@OKEX,1702.0,0.11219,0.11218,309.0
603,29402,2025-10-02 23:59:57.362000,C98-USDT-SWAP@BYBIT,926.6,0.06577,0.06573,1166.7
604,29393,2025-10-02 23:59:57.362000,APT-USDT-SWAP@OKEX,274.0,5.224,5.223,1311.0
605,29392,2025-10-02 23:59:57.362000,ATH-USDT-SWAP@OKEX,131.0,0.0516,0.05158,184.0
606,29395,2025-10-02 23:59:57.362000,PNUT-USDT-SWAP@GATE-IO,24.0,0.22449,0.22448,37.0
607,29396,2025-10-02 23:59:57.362000,LINK-USDT-SWAP@OKEX,136.1,22.765,22.764,115.2
608,29397,2025-10-02 23:59:57.362000,INIT-USDT-SWAP@GATE-IO,75.0,0.3421,0.3417,4.0
609,29398,2025-10-02 23:59:57.362000,BTC-USDT-SWAP@OKEX,507.84,120478.0,120477.9,894.01
610,29399,2025-10-02 23:59:57.362000,AVAX-USDT-SWAP@OKEX,178.7,30.963,30.962,133.3
611,29400,2025-10-02 23:59:57.362000,2Z-USD-SWAP@CRYPTO-COM,10.0,0.59884,0.5985,10.0
612,29394,2025-10-02 23:59:57.362000,RAY-USD-SWAP@CRYPTO-COM,1.0,3.0562,3.053,31.0
613,29372,2025-10-02 23:59:57.363000,UNI-USDT-SWAP@GATE-IO,22.0,8.342,8.341,131.0
614,29371,2025-10-02 23:59:57.363000,ONDO-USDT-SWAP@HTX,149.0,0.9574,0.9572,150.0
615,29370,2025-10-02 23:59:57.363000,VELVET-USDT-SWAP@HTX,3.0,0.18907,0.18648,3.0
616,29369,2025-10-02 23:59:57.363000,ARB-USDC-SWAP@COINBASEINT,56.7,0.4533,0.4531,1942.0
617,29383,2025-10-02 23:59:57.363000,XVG-USDT-SWAP@BYBIT,9400.0,0.009384,0.009362,5800.0
618,29367,2025-10-02 23:59:57.363000,INJ-USDC-SWAP@COINBASEINT,1.0,12.958,12.954,55.9
619,29366,2025-10-02 23:59:57.363000,OM-USDC-SWAP@COINBASEINT,642.9,0.17699,0.17698,284.8
620,29373,2025-10-02 23:59:57.363000,HBAR-USDT-SWAP@GATE-IO,19.0,0.22731,0.22727,154.0
621,29368,2025-10-02 23:59:57.363000,DEGEN-USDC-SWAP@COINBASEINT,4308.0,0.003062,0.003058,59748.0
622,29374,2025-10-02 23:59:57.363000,DEGEN-USD-SWAP@KRAKEN,72072.0,0.003368,0.003056,71557.0
623,29386,2025-10-02 23:59:57.363000,GORK-USDT-SWAP@BYBIT,1620.0,0.013228,0.01322,1440.0
624,29376,2025-10-02 23:59:57.363000,DEGEN-USD-SWAP@KRAKEN,72072.0,0.003368,0.003045,860272.0
625,29377,2025-10-02 23:59:57.363000,DEGEN-USD-SWAP@KRAKEN,72072.0,0.003368,0.003045,430186.0
626,29378,2025-10-02 23:59:57.363000,DEGEN-USD-SWAP@KRAKEN,72072.0,0.003368,0.003036,290923.0
627,29379,2025-10-02 23:59:57.363000,DEGEN-USD-SWAP@KRAKEN,72072.0,0.003368,0.003036,217820.0
628,29380,2025-10-02 23:59:57.363000,DEGEN-USD-SWAP@KRAKEN,72072.0,0.003368,0.003035,860272.0
629,29381,2025-10-02 23:59:57.363000,DEGEN-USD-SWAP@KRAKEN,72072.0,0.003368,0.003045,217820.0
630,29382,2025-10-02 23:59:57.363000,DEGEN-USD-SWAP@KRAKEN,72072.0,0.003368,0.003054,73103.0
631,29384,2025-10-02 23:59:57.363000,PIXEL-USDT-SWAP@BINANCE,18429.0,0.02929,0.02928,1.0
632,29385,2025-10-02 23:59:57.363000,MITO-USDT-SWAP@BYBIT,324.0,0.15438,0.15437,324.0
633,29375,2025-10-02 23:59:57.363000,DEGEN-USD-SWAP@KRAKEN,72072.0,0.003368,0.003046,217820.0
634,29353,2025-10-02 23:59:57.364000,SOL-USDT-SWAP@KUCOIN,176.0,234.734,234.733,206.0
635,29354,2025-10-02 23:59:57.364000,TRB-USDT-SWAP@HTX,22.0,33.896,33.861,357.0
636,29355,2025-10-02 23:59:57.364000,SUI-USDT-SWAP@OKEX,901.0,3.5848,3.5847,404.0
637,29356,2025-10-02 23:59:57.364000,ENS-USDT-SWAP@OKEX,23.0,21.831,21.83,13.0
638,29357,2025-10-02 23:59:57.364000,ASTER-USDT-SWAP@OKEX,435.0,1.7967,1.7966,152.0
639,29358,2025-10-02 23:59:57.364000,TNSR-USDT-SWAP@GATE-IO,1124.0,0.1045,0.1043,582.0
640,29360,2025-10-02 23:59:57.364000,FIL-USDT-SWAP@OKEX,122278.0,2.384,2.383,55037.0
641,29361,2025-10-02 23:59:57.364000,ASTER-USDT-SWAP@BYBIT,863.0,1.7968,1.7967,271.0
642,29362,2025-10-02 23:59:57.364000,SUI-USDT-SWAP@BYBIT,500.0,3.5846,3.5845,60.0
643,29363,2025-10-02 23:59:57.364000,HOLO-USDT-SWAP@BYBIT,5963.0,0.2077,0.2076,7935.0
644,29364,2025-10-02 23:59:57.364000,DOGE-USDT-SWAP@BYBIT,68818.0,0.26189,0.26188,5117.0
645,29365,2025-10-02 23:59:57.364000,BTC-USDT-SWAP@BYBIT,4.818,120484.1,120484.0,14.785
646,29359,2025-10-02 23:59:57.364000,THETA-USDT-SWAP@OKEX,90.7,0.7404,0.74,46.2
647,29342,2025-10-02 23:59:57.365000,HUMA-USDT-SWAP@KUCOIN,28.0,0.034936,0.034929,231.0
648,29337,2025-10-02 23:59:57.365000,XBT-USDT-SWAP@KUCOIN,234.0,120507.2,120507.1,4292.0
649,29338,2025-10-02 23:59:57.365000,WIF-USDT-SWAP@KUCOIN,36.0,0.7884,0.7883,37.0
650,29339,2025-10-02 23:59:57.365000,WIF-USDC-SWAP@COINBASEINT,260.6,0.7887,0.7885,2279.9
651,29340,2025-10-02 23:59:57.365000,UNI-USDT-SWAP@KUCOIN,16.0,8.349,8.348,20.0
652,29341,2025-10-02 23:59:57.365000,SUSHI-USDT-SWAP@KUCOIN,86.0,0.7224,0.7223,240.0
653,29343,2025-10-02 23:59:57.365000,DOT-USDT-SWAP@KUCOIN,78.0,4.308,4.306,2441.0
654,29352,2025-10-02 23:59:57.365000,FLOCK-USDT-SWAP@BYBIT,544.0,0.28596,0.28595,359.0
655,29345,2025-10-02 23:59:57.365000,RAY-USDT-SWAP@BITGET,494.8,3.0551,3.0539,10.7
656,29346,2025-10-02 23:59:57.365000,LTC-USDT-SWAP@HTX,43.0,119.46,119.45,1749.0
657,29347,2025-10-02 23:59:57.365000,FARTCOIN-USDT-SWAP@BYBIT,1135.0,0.6773,0.6772,1810.0
658,29348,2025-10-02 23:59:57.365000,DEGEN-USD-SWAP@KRAKEN,72072.0,0.003368,0.003046,362480.0
659,29349,2025-10-02 23:59:57.365000,DEGEN-USD-SWAP@KRAKEN,72072.0,0.003368,0.003046,289377.0
660,29350,2025-10-02 23:59:57.365000,DEGEN-USD-SWAP@KRAKEN,72072.0,0.003368,0.003046,217820.0
661,29351,2025-10-02 23:59:57.365000,ALU-USDT-SWAP@BYBIT,6830.0,0.022932,0.022895,260.0
662,29344,2025-10-02 23:59:57.365000,1MBABYDOGE-USDT-SWAP@KUCOIN,144.0,0.0013263,0.0013261,46.0
663,29336,2025-10-02 23:59:57.365968,CXRP-USD-SWAP@PHEMEX,899.0,3.0392,3.0391,30131.0
664,29322,2025-10-02 23:59:57.366000,MYX-USDT-SWAP@HTX,1.0,10.18315,10.14504,1.0
665,29326,2025-10-02 23:59:57.366000,DEGEN-USD-SWAP@KRAKEN,72072.0,0.003368,0.003046,71557.0
666,29323,2025-10-02 23:59:57.366000,DEGEN-USD-SWAP@KRAKEN,72072.0,0.003368,0.003057,71557.0
667,29324,2025-10-02 23:59:57.366000,DEGEN-USD-SWAP@KRAKEN,72072.0,0.003368,0.003046,73103.0
668,29325,2025-10-02 23:59:57.366000,DEGEN-USD-SWAP@KRAKEN,72072.0,0.003368,0.003046,144660.0
669,29327,2025-10-02 23:59:57.366000,DEGEN-USD-SWAP@KRAKEN,72072.0,0.003368,0.003054,73103.0
670,29334,2025-10-02 23:59:57.366000,AVNT-USD-SWAP@CRYPTO-COM,1.0,1.1323,1.1319,1.0
671,29329,2025-10-02 23:59:57.366000,DEGEN-USD-SWAP@KRAKEN,72072.0,0.003368,0.003037,73103.0
672,29330,2025-10-02 23:59:57.366000,DEGEN-USD-SWAP@KRAKEN,72072.0,0.003368,0.003037,144660.0
673,29331,2025-10-02 23:59:57.366000,DEGEN-USD-SWAP@KRAKEN,72072.0,0.003368,0.003037,71557.0
674,29332,2025-10-02 23:59:57.366000,DEGEN-USD-SWAP@KRAKEN,72072.0,0.003368,0.003046,73103.0
675,29333,2025-10-02 23:59:57.366000,DEGEN-USD-SWAP@KRAKEN,72072.0,0.003368,0.003046,144660.0
676,29335,2025-10-02 23:59:57.366000,ALPINE-USDT-SWAP@BYBIT,1080.4,1.486,1.485,146.5
677,29328,2025-10-02 23:59:57.366000,DEGEN-USD-SWAP@KRAKEN,72072.0,0.003368,0.003055,71557.0
678,29315,2025-10-02 23:59:57.367000,STX-USDT-SWAP@KUCOIN,110.0,0.6232,0.623,606.0
679,29316,2025-10-02 23:59:57.367000,ETHFI-USDC-SWAP@BITGET,4177.2,1.7554,1.7553,70.9
680,29317,2025-10-02 23:59:57.367000,DOGE-USDT-SWAP@HTX,732.0,0.261902,0.261901,871.0
681,29319,2025-10-02 23:59:57.367000,GORK-USDT-SWAP@GATE-IO,372.0,0.01321,0.01319,10.0
682,29320,2025-10-02 23:59:57.367000,DOT-USDT-SWAP@GATE-IO,172.0,4.305,4.304,483.0
683,29321,2025-10-02 23:59:57.367000,ARB-USD-SWAP@CRYPTO-COM,69.0,0.453,0.4529,150.0
684,29318,2025-10-02 23:59:57.367000,PAXG-USD-SWAP@CRYPTO-COM,0.016,3869.52,3869.51,0.001
685,29304,2025-10-02 23:59:57.368000,PIPPIN-USD-SWAP@KRAKEN,15411.0,0.02005,0.01958,45960.0
686,29299,2025-10-02 23:59:57.368000,HUMA-USDT-SWAP@KUCOIN,28.0,0.034935,0.034929,231.0
687,29300,2025-10-02 23:59:57.368000,BTC-USDT-SWAP@HTX,1854.0,120474.2,120474.1,3958.0
688,29301,2025-10-02 23:59:57.368000,1MBABYDOGE-USDT-SWAP@KUCOIN,47.0,0.0013264,0.0013261,46.0
689,29302,2025-10-02 23:59:57.368000,SOL-USDT-SWAP@HTX,248.0,234.5314,234.5313,45.0
690,29303,2025-10-02 23:59:57.368000,PIPPIN-USD-SWAP@KRAKEN,15411.0,0.02005,0.01961,15075.0
691,29305,2025-10-02 23:59:57.368000,AVNT-USDT-SWAP@OKEX,979.0,1.1303,1.1302,7.0
692,29310,2025-10-02 23:59:57.368000,DEGEN-USD-SWAP@KRAKEN,72072.0,0.003368,0.003047,290923.0
693,29307,2025-10-02 23:59:57.368000,DEGEN-USD-SWAP@KRAKEN,72072.0,0.003368,0.003047,73103.0
694,29308,2025-10-02 23:59:57.368000,DEGEN-USD-SWAP@KRAKEN,72072.0,0.003368,0.003047,144660.0
695,29309,2025-10-02 23:59:57.368000,DEGEN-USD-SWAP@KRAKEN,72072.0,0.003368,0.003047,362480.0
696,29311,2025-10-02 23:59:57.368000,2Z-USDT-SWAP@BYBIT,756.0,0.5975,0.5972,213.0
697,29312,2025-10-02 23:59:57.368000,SWEAT-USDT-SWAP@BYBIT,48180.0,0.002153,0.002149,4890.0
698,29313,2025-10-02 23:59:57.368000,PYTH-USDT-SWAP@BINANCE,4319.0,0.16016,0.16015,139.0
699,29314,2025-10-02 23:59:57.368000,LAUNCHCOIN-USDT-SWAP@BYBIT,546.0,0.11391,0.1139,228.0
700,29306,2025-10-02 23:59:57.368000,2Z-USDT-SWAP@OKEX,33.0,0.5974,0.5973,75.0
701,29298,2025-10-02 23:59:57.368111,ENS-USDT-SWAP@PHEMEX,2.8,21.834,21.832,63.6
702,29280,2025-10-02 23:59:57.369000,POL-USDT-SWAP@HTX,42.0,0.24036,0.23998,961.0
703,29282,2025-10-02 23:59:57.369000,APT-USDT-SWAP@HTX,511.0,5.2245,5.2219,231.0
704,29281,2025-10-02 23:59:57.369000,ESPORTS-USDT-SWAP@HTX,44.0,0.18799,0.18708,6.0
705,29279,2025-10-02 23:59:57.369000,1MBABYDOGE-USDT-SWAP@KUCOIN,46.0,0.0013262,0.0013261,46.0
706,29283,2025-10-02 23:59:57.369000,TRUTH-USDT-SWAP@GATE-IO,37.0,0.013172,0.01317,18.0
707,29277,2025-10-02 23:59:57.369000,DOT-USDT-SWAP@KUCOIN,318.0,4.308,4.306,1467.0
708,29276,2025-10-02 23:59:57.369000,DOT-USDT-SWAP@KUCOIN,318.0,4.308,4.306,1000.0
709,29275,2025-10-02 23:59:57.369000,DOT-USDT-SWAP@KUCOIN,743.0,4.308,4.306,1000.0
710,29274,2025-10-02 23:59:57.369000,XBT-USDT-SWAP@KUCOIN,243.0,120507.2,120507.1,4292.0
711,29278,2025-10-02 23:59:57.369000,DOT-USDT-SWAP@KUCOIN,318.0,4.308,4.306,2441.0
712,29284,2025-10-02 23:59:57.369000,MUBARAK-USDT-SWAP@BYBIT,1393.0,0.03428,0.03426,1592.0
713,29286,2025-10-02 23:59:57.369000,DEGEN-USD-SWAP@KRAKEN,72072.0,0.003368,0.003047,71557.0
714,29285,2025-10-02 23:59:57.369000,DEGEN-USD-SWAP@KRAKEN,72072.0,0.003368,0.003047,144660.0
715,29297,2025-10-02 23:59:57.369000,APT-USDT-SWAP@BYBIT,582.9,5.224,5.223,1534.8
716,29296,2025-10-02 23:59:57.369000,IO-USDT-SWAP@BINANCE,42.4,0.5675,0.5674,1043.0
717,29295,2025-10-02 23:59:57.369000,KAIA-USDT-SWAP@BYBIT,4456.0,0.1554,0.1553,17088.0
718,29293,2025-10-02 23:59:57.369000,ZEC-USDT-SWAP@BINANCE,1.507,131.31,131.26,12.508
719,29292,2025-10-02 23:59:57.369000,BOME-USDT-SWAP@GATE-IO,77.0,0.0017618,0.0017613,45.0
720,29294,2025-10-02 23:59:57.369000,SXT-USDT-SWAP@BYBIT,216.0,0.07237,0.07226,9126.0
721,29290,2025-10-02 23:59:57.369000,DEGEN-USD-SWAP@KRAKEN,72072.0,0.003368,0.003038,144660.0
722,29289,2025-10-02 23:59:57.369000,DEGEN-USD-SWAP@KRAKEN,72072.0,0.003368,0.003045,430186.0
723,29288,2025-10-02 23:59:57.369000,DEGEN-USD-SWAP@KRAKEN,72072.0,0.003368,0.003056,71557.0
724,29287,2025-10-02 23:59:57.369000,DEGEN-USD-SWAP@KRAKEN,72072.0,0.003368,0.003055,73103.0
725,29291,2025-10-02 23:59:57.369000,DEGEN-USD-SWAP@KRAKEN,72072.0,0.003368,0.003038,71557.0
726,29265,2025-10-02 23:59:57.370000,EDEN-USDT-SWAP@BITGET,1290.0,0.3799,0.3797,500.0
727,29262,2025-10-02 23:59:57.370000,XPIN-USDT-SWAP@BITGET,1306.0,0.0008977,0.000897,1217651.0
728,29263,2025-10-02 23:59:57.370000,AIA-USDT-SWAP@HTX,7.0,1.50337,1.4869,10.0
729,29264,2025-10-02 23:59:57.370000,SUN-USDT-SWAP@HTX,31.0,0.02549,0.02547,31.0
730,29266,2025-10-02 23:59:57.370000,CROSS-USDT-SWAP@BITGET,816.0,0.23324,0.23302,500.0
731,29271,2025-10-02 23:59:57.370000,DEGEN-USD-SWAP@KRAKEN,72072.0,0.003368,0.003047,71557.0
732,29268,2025-10-02 23:59:57.370000,ETH-USDT-SWAP@GATE-IO,5668.0,4482.1,4482.05,4709.0
733,29269,2025-10-02 23:59:57.370000,DEGEN-USD-SWAP@KRAKEN,72072.0,0.003368,0.003057,71557.0
734,29270,2025-10-02 23:59:57.370000,DEGEN-USD-SWAP@KRAKEN,72072.0,0.003368,0.003048,73103.0
735,29272,2025-10-02 23:59:57.370000,SWELL-USDT-SWAP@BINANCE,9089.0,0.009063,0.009059,9832.0
736,29273,2025-10-02 23:59:57.370000,ALEO-USDT-SWAP@BYBIT,328.0,0.239,0.2388,27.0
737,29267,2025-10-02 23:59:57.370000,SOL-USD-SWAP@CRYPTO-COM,36.15,234.89,234.88,5.01
738,29255,2025-10-02 23:59:57.371000,BTC-USD-SWAP@CRYPTO-COM,0.5605,120609.6,120609.5,0.1102
739,29253,2025-10-02 23:59:57.371000,HUMA-USDT-SWAP@KUCOIN,28.0,0.034934,0.034929,231.0
740,29254,2025-10-02 23:59:57.371000,BANANAS31-USDT-SWAP@HTX,68.0,0.005425,0.005361,928.0
741,29256,2025-10-02 23:59:57.371000,AMZNX-USDT-SWAP@GATE-IO,3.0,224.4,222.06,3.0
742,29260,2025-10-02 23:59:57.371000,C98-USDT-SWAP@BINANCE,54001.0,0.0658,0.0657,38410.0
743,29258,2025-10-02 23:59:57.371000,THETA-USDT-SWAP@BYBIT,2315.7,0.7406,0.7405,202.4
744,29259,2025-10-02 23:59:57.371000,RVN-USDT-SWAP@BYBIT,65876.0,0.01258,0.01257,207464.0
745,29261,2025-10-02 23:59:57.371000,BADGER-USDT-SWAP@BYBIT,127.7,0.9825,0.9816,82.3
746,29257,2025-10-02 23:59:57.371000,AIA-USDT-SWAP@BYBIT,124.0,1.4995,1.4979,297.0
747,29240,2025-10-02 23:59:57.372000,ZEC-USDC-SWAP@COINBASEINT,2.94,131.6,131.35,3.38
748,29241,2025-10-02 23:59:57.372000,1MBABYDOGE-USDT-SWAP@KUCOIN,47.0,0.0013264,0.0013261,46.0
749,29242,2025-10-02 23:59:57.372000,W-USDT-SWAP@OKEX,2307.0,0.11219,0.11218,309.0
750,29243,2025-10-02 23:59:57.372000,JST-USDT-SWAP@HTX,65.0,0.032769,0.032735,65.0
751,29244,2025-10-02 23:59:57.372000,HYPE-USDT-SWAP@HTX,16.0,50.82,50.805,9.0
752,29245,2025-10-02 23:59:57.372000,ETH-USDT-SWAP@OKEX,3324.06,4481.86,4481.85,1838.8
753,29246,2025-10-02 23:59:57.372000,ATH-USDT-SWAP@OKEX,129.0,0.0516,0.05158,144.0
754,29248,2025-10-02 23:59:57.372000,BTC-USDT-SWAP@OKEX,507.84,120478.0,120477.9,892.68
755,29249,2025-10-02 23:59:57.372000,VFY-USDT-SWAP@BINANCE,534.0,0.10053,0.1005,635.0
756,29250,2025-10-02 23:59:57.372000,SAND-USDT-SWAP@BINANCE,2065.0,0.28708,0.28707,775.0
757,29251,2025-10-02 23:59:57.372000,Q-USDT-SWAP@BYBIT,50.0,0.030739,0.030729,5090.0
758,29252,2025-10-02 23:59:57.372000,NOM-USDT-SWAP@BINANCE,12471.0,0.03874,0.03873,7077.0
759,29247,2025-10-02 23:59:57.372000,ICNT-USDT-SWAP@GATE-IO,17.0,0.2601,0.2592,17.0
760,29239,2025-10-02 23:59:57.372227,BTC-USD-SWAP@PHEMEX,201.0,120519.2,120519.1,2398118.0
761,29234,2025-10-02 23:59:57.373000,XBT-USDT-SWAP@KUCOIN,243.0,120507.2,120507.1,4303.0
762,29235,2025-10-02 23:59:57.373000,ME-USDT-SWAP@KUCOIN,12026.0,0.623,0.622,49487.0
763,29236,2025-10-02 23:59:57.373000,COAI-USDT-SWAP@KUCOIN,579.0,0.31714,0.31641,1535.0
764,29237,2025-10-02 23:59:57.373000,AVNT-USDC-SWAP@COINBASEINT,99.9,1.13203,1.13145,114.7
765,29238,2025-10-02 23:59:57.373000,ALGO-USDT-SWAP@BINANCE,81954.1,0.225,0.2249,48983.9
766,29233,2025-10-02 23:59:57.373662,CFX-USDT-SWAP@PHEMEX,416.0,0.1505,0.1504,9464.0
767,29223,2025-10-02 23:59:57.374000,DOT-USDT-SWAP@KUCOIN,78.0,4.307,4.306,1280.0
768,29225,2025-10-02 23:59:57.374000,WIF-USDT-SWAP@OKEX,2108.0,0.788,0.7879,3772.0
769,29226,2025-10-02 23:59:57.374000,ENS-USDT-SWAP@OKEX,24.0,21.831,21.83,13.0
770,29227,2025-10-02 23:59:57.374000,THETA-USDT-SWAP@OKEX,22.3,0.7404,0.74,47.7
771,29224,2025-10-02 23:59:57.374000,DOT-USDT-SWAP@KUCOIN,743.0,4.308,4.306,1280.0
772,29229,2025-10-02 23:59:57.374000,FIL-USDT-SWAP@OKEX,130669.0,2.384,2.383,55037.0
773,29230,2025-10-02 23:59:57.374000,A8-USDT-SWAP@GATE-IO,13.0,0.09042,0.09013,13.0
774,29231,2025-10-02 23:59:57.374000,LINK-USDT-SWAP@BYBIT,2.5,22.765,22.764,243.7
775,29232,2025-10-02 23:59:57.374000,APT-USDT-SWAP@BINANCE,19.0,5.2247,5.2246,155.7
776,29228,2025-10-02 23:59:57.374000,RSR-USDT-SWAP@OKEX,425.0,0.006663,0.006661,1505.0
777,29222,2025-10-02 23:59:57.375000,PTB-USDT-SWAP@BINANCE,2645.0,0.05759,0.05757,12597.0
778,29221,2025-10-02 23:59:57.375000,STX-USDT-SWAP@BINANCE,764.0,0.6228,0.6227,2518.0
779,29220,2025-10-02 23:59:57.375000,CTK-USDT-SWAP@GATE-IO,66.0,0.3599,0.3591,67.0
780,29219,2025-10-02 23:59:57.375000,OBOL-USDT-SWAP@KUCOIN,192.0,0.11772,0.11702,53.0
781,29218,2025-10-02 23:59:57.376000,MOODENG-USDT-SWAP@BINANCE,3.0,0.16202,0.16201,1.0
782,29210,2025-10-02 23:59:57.377000,HUMA-USDT-SWAP@KUCOIN,28.0,0.034933,0.034929,231.0
783,29209,2025-10-02 23:59:57.377000,INJ-USDC-SWAP@COINBASEINT,2.5,12.959,12.955,1.0
784,29212,2025-10-02 23:59:57.377000,AVNT-USDC-SWAP@COINBASEINT,99.9,1.13203,1.13119,613.6
785,29211,2025-10-02 23:59:57.377000,ERA-USDT-SWAP@HTX,140.0,0.5567,0.5541,55.0
786,29214,2025-10-02 23:59:57.377000,CVC-USDT-SWAP@BITGET,364.0,0.08685,0.08682,437.0
787,29217,2025-10-02 23:59:57.377000,ENS-USDT-SWAP@BINANCE,4.4,21.833,21.832,8.7
788,29215,2025-10-02 23:59:57.377000,CAKE-USDT-SWAP@HTX,290.0,3.1015,3.0919,267.0
789,29216,2025-10-02 23:59:57.377000,THETA-USD-SWAP@CRYPTO-COM,659.0,0.74048,0.74047,1.0
790,29213,2025-10-02 23:59:57.377000,PROVE-USDT-SWAP@BITGET,177.0,0.7681,0.768,2046.0
791,29193,2025-10-02 23:59:57.378000,OBOL-USDT-SWAP@KUCOIN,52.0,0.11771,0.11702,53.0
792,29194,2025-10-02 23:59:57.378000,DOT-USDT-SWAP@KUCOIN,78.0,4.307,4.306,476.0
793,29195,2025-10-02 23:59:57.378000,DOT-USDT-SWAP@KUCOIN,78.0,4.307,4.306,756.0
794,29196,2025-10-02 23:59:57.378000,DOT-USDT-SWAP@KUCOIN,78.0,4.307,4.306,1040.0
795,29197,2025-10-02 23:59:57.378000,USELESS-USDT-SWAP@OKEX,275.0,0.231,0.2309,559.0
796,29198,2025-10-02 23:59:57.378000,POPCAT-USDT-SWAP@OKEX,54.0,0.2397,0.2396,634.0
797,29199,2025-10-02 23:59:57.378000,LAUNCHCOIN-USDT-SWAP@OKEX,206.0,0.11375,0.11369,38.0
798,29200,2025-10-02 23:59:57.378000,INJ-USDT-SWAP@OKEX,183.0,12.945,12.944,2.0
799,29202,2025-10-02 23:59:57.378000,BONK-USDT-SWAP@OKEX,3672.0,2.0823e-05,2.0822e-05,243.0
800,29203,2025-10-02 23:59:57.378000,AVNT-USDT-SWAP@OKEX,330.0,1.1302,1.1301,17.0
801,29204,2025-10-02 23:59:57.378000,SOL-USDT-SWAP@OKEX,574.82,234.61,234.6,151.84
802,29205,2025-10-02 23:59:57.378000,MYX-USDT-SWAP@BYBIT,19.0,10.331,10.3309,4.0
803,29206,2025-10-02 23:59:57.378000,BNT-USDT-SWAP@OKEX,3.0,0.7042,0.7039,4.0
804,29207,2025-10-02 23:59:57.378000,BCH-USDT-SWAP@OKEX,153.4,593.9,593.8,36.5
805,29208,2025-10-02 23:59:57.378000,BTC-USDT-SWAP@BINANCE,5.483,120481.2,120481.1,19.234
806,29201,2025-10-02 23:59:57.378000,FARTCOIN-USDT-SWAP@OKEX,3.0,0.6773,0.6772,1374.0
807,29184,2025-10-02 23:59:57.379000,VFY-USDT-SWAP@BYBIT,461.0,0.1006,0.10055,501.0
808,29181,2025-10-02 23:59:57.379000,ETH-USDT-SWAP@KUCOIN,767.0,4484.09,4484.08,909.0
809,29182,2025-10-02 23:59:57.379000,PIPPIN-USD-SWAP@KRAKEN,15411.0,0.02005,0.01962,15075.0
810,29183,2025-10-02 23:59:57.379000,PIPPIN-USD-SWAP@KRAKEN,15411.0,0.02005,0.01958,45960.0
811,29185,2025-10-02 23:59:57.379000,DEGEN-USD-SWAP@KRAKEN,72072.0,0.003368,0.003039,144660.0
812,29188,2025-10-02 23:59:57.379000,DEGEN-USD-SWAP@KRAKEN,72072.0,0.003368,0.003048,144660.0
813,29187,2025-10-02 23:59:57.379000,DEGEN-USD-SWAP@KRAKEN,72072.0,0.003368,0.003048,73103.0
814,29192,2025-10-02 23:59:57.379000,NEWT-USDT-SWAP@BINANCE,4353.0,0.2095,0.2094,8553.0
815,29189,2025-10-02 23:59:57.379000,DEGEN-USD-SWAP@KRAKEN,72072.0,0.003368,0.003048,362480.0
816,29190,2025-10-02 23:59:57.379000,DEGEN-USD-SWAP@KRAKEN,72072.0,0.003368,0.003048,290923.0
817,29191,2025-10-02 23:59:57.379000,TSTBSC-USDT-SWAP@BYBIT,725.0,0.03708,0.03707,3352.0
818,29186,2025-10-02 23:59:57.379000,DEGEN-USD-SWAP@KRAKEN,72072.0,0.003368,0.003039,71557.0
819,29180,2025-10-02 23:59:57.380000,ALCH-USDT-SWAP@BYBIT,252.0,0.06084,0.06082,3136.0
820,29179,2025-10-02 23:59:57.380000,DOGE-USDT-SWAP@BINANCE,220141.0,0.26193,0.26192,26796.0
821,29178,2025-10-02 23:59:57.380000,ETHFI-USDT-SWAP@BINANCE,280.2,1.7535,1.7534,69.5
822,29177,2025-10-02 23:59:57.380000,ME-USD-SWAP@CRYPTO-COM,0.1,0.6232,0.6229,0.1
823,29173,2025-10-02 23:59:57.381000,DEXE-USDT-SWAP@BITGET,11.9,12.367,12.355,5.0
824,29174,2025-10-02 23:59:57.381000,DEGEN-USD-SWAP@KRAKEN,72072.0,0.003368,0.003046,73103.0
825,29175,2025-10-02 23:59:57.381000,DEGEN-USD-SWAP@KRAKEN,72072.0,0.003368,0.003039,71557.0
826,29176,2025-10-02 23:59:57.381000,HYPER-USDT-SWAP@BINANCE,11023.0,0.2861,0.286,394.0
827,29172,2025-10-02 23:59:57.382000,DEGEN-USD-SWAP@KRAKEN,72072.0,0.003368,0.003046,503289.0
828,29171,2025-10-02 23:59:57.382000,NOM-USDT-SWAP@BYBIT,6020.0,0.03879,0.03878,6890.0
829,29170,2025-10-02 23:59:57.382000,TRX-USDT-SWAP@GATE-IO,3.0,0.34245,0.34243,15.0
830,29169,2025-10-02 23:59:57.382000,ATH-USDT-SWAP@OKEX,15.0,0.05159,0.05158,144.0
831,29168,2025-10-02 23:59:57.382000,BLUR-USDT-SWAP@OKEX,39.0,0.07939,0.07937,109.0
832,29167,2025-10-02 23:59:57.382000,ETH-USDT-SWAP@OKEX,3324.18,4481.86,4481.85,1085.1
833,29166,2025-10-02 23:59:57.382847,1000PEPE-USDT-SWAP@PHEMEX,10503.0,0.0102169,0.0102155,10330.0
834,29159,2025-10-02 23:59:57.383000,CFX-USDT-SWAP@BITGET,613.0,0.15058,0.15056,4782.0
835,29160,2025-10-02 23:59:57.383000,PHA-USDT-SWAP@GATE-IO,154.0,0.10442,0.10437,114.0
836,29161,2025-10-02 23:59:57.383000,ME-USDT-SWAP@GATE-IO,1127.0,0.6227,0.6226,484.0
837,29163,2025-10-02 23:59:57.383000,DEGEN-USD-SWAP@KRAKEN,72072.0,0.003368,0.003046,933375.0
838,29164,2025-10-02 23:59:57.383000,DOGE-USDT-SWAP@BYBIT,68818.0,0.26189,0.26187,81412.0
839,29162,2025-10-02 23:59:57.383000,HOOK-USDT-SWAP@GATE-IO,3118.0,0.11629,0.116,6228.0
840,29165,2025-10-02 23:59:57.383000,BCH-USDT-SWAP@BINANCE,2.939,593.98,593.97,1.248
841,29158,2025-10-02 23:59:57.383210,IMX-USDT-SWAP@PHEMEX,638.0,0.7291,0.7289,721.0
842,29149,2025-10-02 23:59:57.384000,ME-USDT-SWAP@OKEX,39.0,0.6225,0.6224,206.0
843,29145,2025-10-02 23:59:57.384000,WIF-USDT-SWAP@OKEX,2106.0,0.788,0.7879,3772.0
844,29146,2025-10-02 23:59:57.384000,SUI-USDT-SWAP@OKEX,901.0,3.5848,3.5847,2.0
845,29147,2025-10-02 23:59:57.384000,S-USDT-SWAP@OKEX,655.0,0.2782,0.2781,2.0
846,29148,2025-10-02 23:59:57.384000,PENGU-USDT-SWAP@OKEX,6.0,0.03181,0.031809,106.0
847,29150,2025-10-02 23:59:57.384000,0G-USDT-SWAP@OKEX,56.0,2.7059,2.7058,38.0
848,29152,2025-10-02 23:59:57.384000,IP-USD-SWAP@CRYPTO-COM,4.0,9.2401,9.2358,1.0
849,29153,2025-10-02 23:59:57.384000,FIL-USDT-SWAP@OKEX,130667.0,2.384,2.383,55037.0
850,29154,2025-10-02 23:59:57.384000,DOGE-USDT-SWAP@OKEX,312.55,0.26194,0.26193,59.64
851,29155,2025-10-02 23:59:57.384000,DEGEN-USD-SWAP@KRAKEN,72072.0,0.003368,0.003047,217820.0
852,29156,2025-10-02 23:59:57.384000,SUI-USDT-SWAP@BYBIT,500.0,3.5846,3.5845,50.0
853,29157,2025-10-02 23:59:57.384000,BTC-USDT-SWAP@BYBIT,4.818,120484.1,120484.0,14.658
854,29151,2025-10-02 23:59:57.384000,THETA-USDT-SWAP@OKEX,22.3,0.7404,0.74,52.2
855,29144,2025-10-02 23:59:57.384600,MANTA-USDT-SWAP@PHEMEX,2221.0,0.1932,0.1931,73.0
856,29134,2025-10-02 23:59:57.385000,RATS-USD-SWAP@KRAKEN,1105000.0,2.753e-05,2.657e-05,1070000.0
857,29135,2025-10-02 23:59:57.385000,RATS-USD-SWAP@KRAKEN,1105000.0,2.753e-05,2.656e-05,1056000.0
858,29132,2025-10-02 23:59:57.385000,WIF-USD-SWAP@KRAKEN,2301.0,0.789,0.7888,212.0
859,29131,2025-10-02 23:59:57.385000,ZEN-USDT-SWAP@KUCOIN,62.0,9.843,9.828,60.0
860,29133,2025-10-02 23:59:57.385000,RATS-USD-SWAP@KRAKEN,1105000.0,2.753e-05,2.657e-05,2126000.0
861,29136,2025-10-02 23:59:57.385000,DEGEN-USD-SWAP@KRAKEN,72072.0,0.003368,0.003057,71557.0
862,29139,2025-10-02 23:59:57.385000,DEGEN-USD-SWAP@KRAKEN,72072.0,0.003368,0.003049,71557.0
863,29138,2025-10-02 23:59:57.385000,DEGEN-USD-SWAP@KRAKEN,72072.0,0.003368,0.003049,144660.0
864,29140,2025-10-02 23:59:57.385000,ACT-USDT-SWAP@GATE-IO,142.0,0.03345,0.03343,1583.0
865,29141,2025-10-02 23:59:57.385000,XRP-USDT-SWAP@BYBIT,2101.9,3.0376,3.0375,13672.0
866,29142,2025-10-02 23:59:57.385000,RAYSOL-USDT-SWAP@BINANCE,74.8,3.0515,3.0514,258.6
867,29143,2025-10-02 23:59:57.385000,MYX-USDT-SWAP@BINANCE,4.0,9.685,9.681,22.0
868,29137,2025-10-02 23:59:57.385000,DEGEN-USD-SWAP@KRAKEN,72072.0,0.003368,0.003049,73103.0
869,29130,2025-10-02 23:59:57.386000,ATH-USDT-SWAP@BYBIT,1310.0,0.05161,0.0516,10130.0
870,29129,2025-10-02 23:59:57.386000,ENA-USD-SWAP@KRAKEN,105.0,0.63198,0.63167,159.0
871,29128,2025-10-02 23:59:57.386000,LINK-USDT-SWAP@BITGET,677.0,22.766,22.765,888.0
872,29127,2025-10-02 23:59:57.386000,FTT-USDT-SWAP@KUCOIN,23.0,0.9445,0.9397,23.0
873,29126,2025-10-02 23:59:57.386000,SOL-USDT-SWAP@KUCOIN,176.0,234.734,234.733,546.0
874,29125,2025-10-02 23:59:57.386456,DOOD-USDT-SWAP@PHEMEX,8145.0,0.005717,0.005714,2267.0
875,29119,2025-10-02 23:59:57.387000,NOM-USDT-SWAP@KUCOIN,36.0,0.038838,0.038821,136.0
876,29120,2025-10-02 23:59:57.387000,TRX-USDT-SWAP@BITGET,36917.0,0.34255,0.34254,14714.0
877,29123,2025-10-02 23:59:57.387000,INIT-USD-SWAP@KRAKEN,301.0,0.3437,0.3366,149.0
878,29122,2025-10-02 23:59:57.387000,INIT-USD-SWAP@KRAKEN,301.0,0.3437,0.3366,603.0
879,29124,2025-10-02 23:59:57.387000,INIT-USD-SWAP@KRAKEN,301.0,0.3437,0.3365,164.0
880,29121,2025-10-02 23:59:57.387000,THETA-USD-SWAP@CRYPTO-COM,659.0,0.74048,0.74047,2.0
881,29108,2025-10-02 23:59:57.388000,AVNT-USDT-SWAP@OKEX,396.0,1.1302,1.1301,9.0
882,29103,2025-10-02 23:59:57.388000,AVNT-USDC-SWAP@COINBASEINT,99.9,1.13202,1.13119,270.6
883,29104,2025-10-02 23:59:57.388000,POPCAT-USDT-SWAP@OKEX,52.0,0.2397,0.2396,634.0
884,29105,2025-10-02 23:59:57.388000,LTC-USDT-SWAP@OKEX,111.5,119.5,119.49,177.7
885,29106,2025-10-02 23:59:57.388000,INJ-USDT-SWAP@OKEX,78.0,12.944,12.943,555.0
886,29107,2025-10-02 23:59:57.388000,H-USDT-SWAP@OKEX,176.0,0.06699,0.06697,4.0
887,29109,2025-10-02 23:59:57.388000,AIXBT-USDT-SWAP@OKEX,30.0,0.10053,0.10052,53.0
888,29114,2025-10-02 23:59:57.388000,APT-USD-SWAP@CRYPTO-COM,0.1,5.2311,5.23,38.3
889,29111,2025-10-02 23:59:57.388000,RVN-USDT-SWAP@GATE-IO,12105.0,0.012585,0.012574,219.0
890,29112,2025-10-02 23:59:57.388000,BNT-USDT-SWAP@OKEX,3.0,0.7042,0.7039,18.0
891,29113,2025-10-02 23:59:57.388000,BCH-USDT-SWAP@OKEX,153.4,593.9,593.8,36.3
892,29115,2025-10-02 23:59:57.388000,2Z-USDT-SWAP@BYBIT,240.0,0.5974,0.5971,200.0
893,29116,2025-10-02 23:59:57.388000,XRP-USDT-SWAP@BINANCE,22170.4,3.0377,3.0376,5558.6
894,29117,2025-10-02 23:59:57.388000,FARTCOIN-USDT-SWAP@BINANCE,20026.1,0.6774,0.6773,172.7
895,29118,2025-10-02 23:59:57.388000,CKB-USDT-SWAP@BINANCE,22223.0,0.00445,0.004449,61772.0
896,29110,2025-10-02 23:59:57.388000,SOL-USDT-SWAP@OKEX,582.06,234.61,234.6,89.33
897,29093,2025-10-02 23:59:57.389000,VELVET-USDT-SWAP@HTX,5.0,0.18906,0.18648,3.0
898,29095,2025-10-02 23:59:57.389000,XAN-USDT-SWAP@GATE-IO,2.0,0.10451,0.10446,4.0
899,29096,2025-10-02 23:59:57.389000,POPCAT-USDT-SWAP@BYBIT,41813.0,0.2397,0.2395,53861.0
900,29097,2025-10-02 23:59:57.389000,ZETA-USDT-SWAP@BYBIT,199.0,0.1743,0.1742,7753.0
901,29101,2025-10-02 23:59:57.389000,LTC-USDT-SWAP@BYBIT,41.9,119.48,119.47,92.4
902,29099,2025-10-02 23:59:57.389000,SANTOS-USDT-SWAP@BINANCE,184.9,1.931,1.93,564.2
903,29100,2025-10-02 23:59:57.389000,RSR-USDT-SWAP@BINANCE,33215.0,0.006665,0.006664,10575.0
904,29102,2025-10-02 23:59:57.389000,AIA-USDT-SWAP@BINANCE,33.0,1.49655,1.49573,19.0
905,29098,2025-10-02 23:59:57.389000,SXT-USDT-SWAP@BYBIT,216.0,0.07237,0.07226,9483.0
906,29094,2025-10-02 23:59:57.389000,STBL-USDT-SWAP@BITGET,166.0,0.32116,0.32091,200.0
907,29092,2025-10-02 23:59:57.389044,CSOL-USD-SWAP@PHEMEX,998.0,234.65,234.61,1032.0
908,29091,2025-10-02 23:59:57.389995,CETH-USD-SWAP@PHEMEX,6662.0,4484.77,4484.76,29298.0
909,29083,2025-10-02 23:59:57.390000,PIPPIN-USD-SWAP@KRAKEN,15411.0,0.02005,0.01963,15075.0
910,29084,2025-10-02 23:59:57.390000,PIPPIN-USD-SWAP@KRAKEN,15411.0,0.02005,0.01958,45960.0
911,29085,2025-10-02 23:59:57.390000,OG-USDT-SWAP@BITGET,3.4,14.706,14.6887,5.0
912,29090,2025-10-02 23:59:57.390000,2Z-USDT-SWAP@BINANCE,119.0,0.59736,0.59724,6.0
913,29087,2025-10-02 23:59:57.390000,BNB-USDT-SWAP@GATE-IO,7917.0,1089.8,1089.75,1366.0
914,29089,2025-10-02 23:59:57.390000,ALEO-USDT-SWAP@BYBIT,328.0,0.239,0.2387,153.0
915,29086,2025-10-02 23:59:57.390000,GHST-USDT-SWAP@BITGET,59.0,0.4306,0.4304,512.0
916,29088,2025-10-02 23:59:57.390000,DOOD-USDT-SWAP@BYBIT,1540.0,0.005717,0.005714,52220.0
917,29082,2025-10-02 23:59:57.390032,FARTCOIN-USDT-SWAP@PHEMEX,153.0,0.678,0.6774,147.0
918,29081,2025-10-02 23:59:57.390057,UMA-USDT-SWAP@PHEMEX,1671.0,1.262,1.261,1651.0
919,29080,2025-10-02 23:59:57.390115,MTL-USDT-SWAP@PHEMEX,19.0,0.673,0.6729,533.0
920,29079,2025-10-02 23:59:57.391000,COMP-USDT-SWAP@BYBIT,1.68,43.91,43.9,8.65
921,29078,2025-10-02 23:59:57.391000,KSM-USD-SWAP@KRAKEN,3.43,15.501,15.473,64.66
922,29077,2025-10-02 23:59:57.391000,SOPH-USDT-SWAP@BITGET,20238.0,0.02932,0.02931,10000.0
923,29076,2025-10-02 23:59:57.391000,AVNT-USDC-SWAP@COINBASEINT,99.9,1.13202,1.13096,80.1
924,29075,2025-10-02 23:59:57.391000,BR-USDT-SWAP@KUCOIN,79.0,0.07843,0.07829,79.0
925,29074,2025-10-02 23:59:57.391468,HIGH-USDT-SWAP@PHEMEX,25.0,0.4972,0.497,1190.0
926,29060,2025-10-02 23:59:57.392000,AIA-USDT-SWAP@KUCOIN,13.0,1.49461,1.49164,13.0
927,29061,2025-10-02 23:59:57.392000,PUMPBTC-USDT-SWAP@BITGET,2034.0,0.06328,0.06326,8379.0
928,29064,2025-10-02 23:59:57.392000,BLUR-USDT-SWAP@OKEX,42.0,0.07939,0.07937,109.0
929,29065,2025-10-02 23:59:57.392000,BIGTIME-USDT-SWAP@OKEX,151.0,0.05009,0.05008,121.0
930,29066,2025-10-02 23:59:57.392000,ATH-USDT-SWAP@OKEX,17.0,0.05159,0.05158,144.0
931,29062,2025-10-02 23:59:57.392000,ETH-USDT-SWAP@OKEX,3359.55,4481.86,4481.85,1085.1
932,29068,2025-10-02 23:59:57.392000,NEAR-USDT-SWAP@OKEX,213.3,2.968,2.967,301.1
933,29067,2025-10-02 23:59:57.392000,ARB-USDT-SWAP@OKEX,103.4,0.4525,0.4524,3250.3
934,29073,2025-10-02 23:59:57.392000,SOL-USDT-SWAP@BYBIT,250.2,234.62,234.61,86.3
935,29072,2025-10-02 23:59:57.392000,AVAX-USDT-SWAP@OKEX,189.8,30.963,30.962,133.3
936,29063,2025-10-02 23:59:57.392000,CFX-USDT-SWAP@OKEX,108.0,0.15044,0.15043,133.0
937,29070,2025-10-02 23:59:57.392000,DEGEN-USD-SWAP@KRAKEN,72072.0,0.003368,0.003047,71557.0
938,29071,2025-10-02 23:59:57.392000,DEGEN-USD-SWAP@KRAKEN,72072.0,0.003368,0.003049,73103.0
939,29069,2025-10-02 23:59:57.392000,DEGEN-USD-SWAP@KRAKEN,72072.0,0.003368,0.003047,144660.0
940,29059,2025-10-02 23:59:57.392927,MITO-USDT-SWAP@PHEMEX,294.0,0.15443,0.15417,438.0
941,29051,2025-10-02 23:59:57.393000,XRP-USDT-SWAP@BITGET,18848.0,3.038,3.0379,629.0
942,29052,2025-10-02 23:59:57.393000,CAKE-USDT-SWAP@HTX,290.0,3.1015,3.0959,11800.0
943,29053,2025-10-02 23:59:57.393000,IO-USD-SWAP@CRYPTO-COM,1.0,0.5683,0.5682,2.0
944,29054,2025-10-02 23:59:57.393000,APT-USD-SWAP@KRAKEN,1130.4,5.2302,5.226,18.7
945,29056,2025-10-02 23:59:57.393000,LRC-USDT-SWAP@BINANCE,1707.0,0.0891,0.08907,9157.0
946,29057,2025-10-02 23:59:57.393000,JELLYJELLY-USDT-SWAP@BYBIT,1668.0,0.051062,0.051061,13.0
947,29058,2025-10-02 23:59:57.393000,AVNT-USDT-SWAP@BINANCE,1094.0,1.1305,1.1304,63.0
948,29055,2025-10-02 23:59:57.393000,THE-USDT-SWAP@BINANCE,680.4,0.451,0.4508,671.3
949,29050,2025-10-02 23:59:57.393805,RAY-USDT-SWAP@PHEMEX,4.0,3.061,3.0518,4.0
950,29033,2025-10-02 23:59:57.394000,AVNT-USDT-SWAP@KUCOIN,4.0,1.13022,1.13,6.0
951,29034,2025-10-02 23:59:57.394000,WIF-USDT-SWAP@OKEX,1970.0,0.788,0.7879,3772.0
952,29035,2025-10-02 23:59:57.394000,VELODROME-USDT-SWAP@BITGET,360.0,0.048043,0.048018,360.0
953,29036,2025-10-02 23:59:57.394000,SUI-USDT-SWAP@OKEX,34.0,3.5847,3.5846,402.0
954,29037,2025-10-02 23:59:57.394000,S-USDT-SWAP@OKEX,655.0,0.2782,0.278,2765.0
955,29038,2025-10-02 23:59:57.394000,PENGU-USDT-SWAP@OKEX,4.0,0.03181,0.031809,106.0
956,29039,2025-10-02 23:59:57.394000,MYX-USDT-SWAP@HTX,1.0,10.18315,10.14351,1.0
957,29040,2025-10-02 23:59:57.394000,ME-USDT-SWAP@OKEX,103.0,0.6225,0.6224,206.0
958,29041,2025-10-02 23:59:57.394000,ASTER-USDT-SWAP@OKEX,440.0,1.7967,1.7966,152.0
959,29043,2025-10-02 23:59:57.394000,ETHFI-USDT-SWAP@OKEX,831.0,1.7532,1.7531,222.0
960,29042,2025-10-02 23:59:57.394000,FIL-USDT-SWAP@OKEX,130669.0,2.384,2.383,55037.0
961,29049,2025-10-02 23:59:57.394000,BNB-USDT-SWAP@BINANCE,80.69,1090.91,1090.9,0.61
962,29048,2025-10-02 23:59:57.394000,JTO-USDT-SWAP@BINANCE,4.0,1.6883,1.6882,154.0
963,29044,2025-10-02 23:59:57.394000,BNB-USDT-SWAP@OKEX,4083.0,1089.9,1089.8,817.0
964,29046,2025-10-02 23:59:57.394000,TRUTH-USDT-SWAP@BYBIT,8380.0,0.01319,0.013186,6490.0
965,29045,2025-10-02 23:59:57.394000,ATOM-USDT-SWAP@OKEX,196.0,4.312,4.311,2188.0
966,29047,2025-10-02 23:59:57.394000,TRUTH-USDT-SWAP@BINANCE,9063.0,0.013167,0.013166,2268.0
967,29032,2025-10-02 23:59:57.395000,ETH-USDT-SWAP@BINANCE,300.462,4481.71,4481.7,12.774
968,29031,2025-10-02 23:59:57.395000,SOL-USDT-SWAP@BINANCE,1183.22,234.6,234.59,709.2
969,29030,2025-10-02 23:59:57.395000,ASTER-USDT-SWAP@BITGET,6.0,1.7974,1.7973,109.0
970,29029,2025-10-02 23:59:57.395000,AVNT-USDC-SWAP@COINBASEINT,99.9,1.13202,1.13097,343.0
971,29028,2025-10-02 23:59:57.395000,TA-USDT-SWAP@HTX,10.0,0.06698,0.06682,120.0
972,29023,2025-10-02 23:59:57.396000,XVG-USDT-SWAP@BITGET,178243.0,0.009378,0.009358,1216.0
973,29024,2025-10-02 23:59:57.396000,POL-USDT-SWAP@HTX,42.0,0.24036,0.23999,42.0
974,29026,2025-10-02 23:59:57.396000,TOWNS-USDT-SWAP@BINANCE,3851.0,0.0194,0.01939,28024.0
975,29027,2025-10-02 23:59:57.396000,ETH-USDT-SWAP@BYBIT,22.81,4481.74,4481.73,3.97
976,29025,2025-10-02 23:59:57.396000,AVNT-USD-SWAP@CRYPTO-COM,1.0,1.1323,1.13179,1.0
977,29013,2025-10-02 23:59:57.397000,ZEC-USDT-SWAP@KUCOIN,153.0,131.22,131.14,42.0
978,29014,2025-10-02 23:59:57.397000,PEPE-USDT-SWAP@KUCOIN,20.0,1.0218e-05,1.0216e-05,150.0
979,29015,2025-10-02 23:59:57.397000,AVNT-USDT-SWAP@KUCOIN,4.0,1.13001,1.12994,5.0
980,29017,2025-10-02 23:59:57.397000,AVNT-USDC-SWAP@COINBASEINT,99.9,1.13201,1.13097,343.0
981,29016,2025-10-02 23:59:57.397000,AVNT-USDT-SWAP@KUCOIN,4.0,1.13001,1.13,6.0
982,29019,2025-10-02 23:59:57.397000,ESPORTS-USDT-SWAP@HTX,44.0,0.18797,0.1871,5.0
983,29022,2025-10-02 23:59:57.397000,BCH-USDT-SWAP@BYBIT,10.6,593.9,593.8,0.37
984,29018,2025-10-02 23:59:57.397000,VELVET-USDT-SWAP@HTX,3.0,0.18905,0.18648,3.0
985,29020,2025-10-02 23:59:57.397000,THETA-USDT-SWAP@GATE-IO,1640.0,0.7404,0.7402,85.0
986,29021,2025-10-02 23:59:57.397000,USELESS-USDT-SWAP@BYBIT,4562.0,0.2312,0.2311,779.0
987,28999,2025-10-02 23:59:57.398000,POPCAT-USDT-SWAP@OKEX,54.0,0.2397,0.2396,634.0
988,29000,2025-10-02 23:59:57.398000,ORDER-USDT-SWAP@OKEX,208.0,0.3645,0.3644,888.0
989,29001,2025-10-02 23:59:57.398000,LTC-USDT-SWAP@OKEX,111.5,119.5,119.49,175.2
990,29002,2025-10-02 23:59:57.398000,INJ-USDT-SWAP@OKEX,80.0,12.944,12.943,52.0
991,29003,2025-10-02 23:59:57.398000,H-USDT-SWAP@OKEX,176.0,0.06699,0.06698,42.0
992,29004,2025-10-02 23:59:57.398000,BONK-USDT-SWAP@OKEX,3672.0,2.0823e-05,2.0822e-05,242.0
993,29005,2025-10-02 23:59:57.398000,VFY-USDT-SWAP@BYBIT,295.0,0.1006,0.10059,501.0
994,28998,2025-10-02 23:59:57.398000,USELESS-USDT-SWAP@OKEX,275.0,0.231,0.2309,219.0
995,29008,2025-10-02 23:59:57.398000,DEGEN-USD-SWAP@KRAKEN,72072.0,0.003368,0.003048,73103.0
996,29009,2025-10-02 23:59:57.398000,DEGEN-USD-SWAP@KRAKEN,72072.0,0.003368,0.003047,71557.0
997,29010,2025-10-02 23:59:57.398000,BCH-USDT-SWAP@OKEX,153.4,593.9,593.8,36.5
998,29011,2025-10-02 23:59:57.398000,XVG-USDT-SWAP@BINANCE,3239.0,0.009371,0.00937,29776.0
999,29012,2025-10-02 23:59:57.398000,SOON-USDT-SWAP@BINANCE,59.0,0.48698,0.48687,51.0
1000,29006,2025-10-02 23:59:57.398000,MYX-USDT-SWAP@BYBIT,27.0,10.331,10.3252,2.0
1001,29007,2025-10-02 23:59:57.398000,DEGEN-USD-SWAP@KRAKEN,72072.0,0.003368,0.003048,144660.0
1002,28997,2025-10-02 23:59:57.398188,BERA-USDT-SWAP@PHEMEX,250.0,2.811,2.809,108.0
1003,28995,2025-10-02 23:59:57.399000,T-USDT-SWAP@BINANCE,34175.0,0.0158,0.01579,58585.0
1004,28996,2025-10-02 23:59:57.399000,SIREN-USDT-SWAP@BINANCE,1932.0,0.09916,0.09908,1958.0
1005,28987,2025-10-02 23:59:57.399000,AIA-USDT-SWAP@HTX,3.0,1.50336,1.4869,10.0
1006,28988,2025-10-02 23:59:57.399000,SUN-USDT-SWAP@HTX,31.0,0.02549,0.025472,31.0
1007,28989,2025-10-02 23:59:57.399000,INIT-USD-SWAP@KRAKEN,301.0,0.3437,0.3367,149.0
1008,28986,2025-10-02 23:59:57.399000,ERA-USDT-SWAP@HTX,140.0,0.5567,0.5542,136.0
1009,28991,2025-10-02 23:59:57.399000,INIT-USD-SWAP@KRAKEN,301.0,0.3437,0.3366,149.0
1010,28992,2025-10-02 23:59:57.399000,DEGEN-USD-SWAP@KRAKEN,72072.0,0.003368,0.003057,71557.0
1011,28993,2025-10-02 23:59:57.399000,DEGEN-USD-SWAP@KRAKEN,72072.0,0.003368,0.003048,73103.0
1012,28994,2025-10-02 23:59:57.399000,APT-USD-SWAP@CRYPTO-COM,0.1,5.2311,5.2307,0.1
1013,28990,2025-10-02 23:59:57.399000,INIT-USD-SWAP@KRAKEN,301.0,0.3437,0.3365,164.0
1014,28985,2025-10-02 23:59:57.399078,INIT-USDT-SWAP@PHEMEX,420.8,0.3418,0.3416,37.4
1015,28973,2025-10-02 23:59:57.400000,KSM-USD-SWAP@KRAKEN,3.43,15.501,15.474,3.41
1016,28967,2025-10-02 23:59:57.400000,PIPPIN-USD-SWAP@KRAKEN,15411.0,0.02005,0.01964,15075.0
1017,28968,2025-10-02 23:59:57.400000,PIPPIN-USD-SWAP@KRAKEN,15411.0,0.02005,0.01958,45960.0
1018,28969,2025-10-02 23:59:57.400000,PIPPIN-USD-SWAP@KRAKEN,15411.0,0.02005,0.01959,15075.0
1019,28970,2025-10-02 23:59:57.400000,PIPPIN-USD-SWAP@KRAKEN,15411.0,0.02005,0.01958,45960.0
1020,28971,2025-10-02 23:59:57.400000,HBAR-USDC-SWAP@BITGET,211.0,0.22778,0.22775,334.0
1021,28972,2025-10-02 23:59:57.400000,BANANAS31-USDT-SWAP@HTX,68.0,0.005425,0.005356,928.0
1022,28975,2025-10-02 23:59:57.400000,DEGEN-USD-SWAP@KRAKEN,72072.0,0.003368,0.003049,71557.0
1023,28974,2025-10-02 23:59:57.400000,DEGEN-USD-SWAP@KRAKEN,72072.0,0.003368,0.003049,144660.0
1024,28977,2025-10-02 23:59:57.400000,DEGEN-USD-SWAP@KRAKEN,72072.0,0.003368,0.003048,144660.0
1025,28978,2025-10-02 23:59:57.400000,DEGEN-USD-SWAP@KRAKEN,72072.0,0.003368,0.003048,73103.0
1026,28979,2025-10-02 23:59:57.400000,DEGEN-USD-SWAP@KRAKEN,72072.0,0.003368,0.00305,71557.0
1027,28980,2025-10-02 23:59:57.400000,DEGEN-USD-SWAP@KRAKEN,72072.0,0.003368,0.00305,144660.0
1028,28981,2025-10-02 23:59:57.400000,DEGEN-USD-SWAP@KRAKEN,72072.0,0.003368,0.00305,73103.0
1029,28982,2025-10-02 23:59:57.400000,AVNT-USDT-SWAP@BYBIT,1209.0,1.1309,1.1308,30.0
1030,28983,2025-10-02 23:59:57.400000,LINEA-USDT-SWAP@BINANCE,111232.0,0.02648,0.02647,101559.0
1031,28984,2025-10-02 23:59:57.400000,HANA-USDT-SWAP@BINANCE,400.0,0.04426,0.04424,3288.0
1032,28976,2025-10-02 23:59:57.400000,DEGEN-USD-SWAP@KRAKEN,72072.0,0.003368,0.003048,73103.0
1033,28964,2025-10-02 23:59:57.401000,BTC-USDT-SWAP@BITGET,7.5744,120481.5,120481.4,28.5616
1034,28961,2025-10-02 23:59:57.401000,AVNT-USDT-SWAP@KUCOIN,4.0,1.13001,1.12987,6.0
1035,28962,2025-10-02 23:59:57.401000,XRP-USD-SWAP@BITGET,5.0,3.04133,3.04123,8972.0
1036,28966,2025-10-02 23:59:57.401000,PIPPIN-USDT-SWAP@BINANCE,44009.0,0.01998,0.01996,10856.0
1037,28965,2025-10-02 23:59:57.401000,USELESS-USDT-SWAP@BINANCE,3328.0,0.2311,0.231,4031.0
1038,28963,2025-10-02 23:59:57.401000,STO-USDT-SWAP@BITGET,23.0,0.09079,0.09073,6689.0
1039,28950,2025-10-02 23:59:57.402000,BIGTIME-USDT-SWAP@OKEX,249.0,0.05009,0.05007,459.0
1040,28948,2025-10-02 23:59:57.402000,PIPPIN-USD-SWAP@KRAKEN,15411.0,0.02005,0.01959,15075.0
1041,28951,2025-10-02 23:59:57.402000,ATH-USDT-SWAP@OKEX,21.0,0.05159,0.05158,144.0
1042,28946,2025-10-02 23:59:57.402000,W-USDT-SWAP@OKEX,2333.0,0.11219,0.11218,309.0
1043,28945,2025-10-02 23:59:57.402000,AVNT-USDT-SWAP@KUCOIN,4.0,1.12995,1.12987,6.0
1044,28947,2025-10-02 23:59:57.402000,TON-USDT-SWAP@OKEX,2921.0,2.842,2.841,3467.0
1045,28952,2025-10-02 23:59:57.402000,ARB-USDT-SWAP@OKEX,103.2,0.4525,0.4524,3250.3
1046,28949,2025-10-02 23:59:57.402000,PIPPIN-USD-SWAP@KRAKEN,15411.0,0.02005,0.01958,45960.0
1047,28954,2025-10-02 23:59:57.402000,NOM-USDT-SWAP@BYBIT,9490.0,0.03879,0.03878,6890.0
1048,28955,2025-10-02 23:59:57.402000,DEGEN-USD-SWAP@KRAKEN,72072.0,0.003368,0.00304,144660.0
1049,28956,2025-10-02 23:59:57.402000,DEGEN-USD-SWAP@KRAKEN,72072.0,0.003368,0.003041,217820.0
1050,28957,2025-10-02 23:59:57.402000,DEGEN-USD-SWAP@KRAKEN,72072.0,0.003368,0.003051,73103.0
1051,28958,2025-10-02 23:59:57.402000,DEGEN-USD-SWAP@KRAKEN,72072.0,0.003368,0.003051,144660.0
1052,28959,2025-10-02 23:59:57.402000,DEGEN-USD-SWAP@KRAKEN,72072.0,0.003368,0.003051,71557.0
1053,28960,2025-10-02 23:59:57.402000,DEGEN-USD-SWAP@KRAKEN,72072.0,0.003368,0.003049,73103.0
1054,28953,2025-10-02 23:59:57.402000,SHIB-USDT-SWAP@OKEX,51.0,1.2635e-05,1.2634e-05,361.5
1055,28944,2025-10-02 23:59:57.402070,XRP-USDC-SWAP@PHEMEX,445.05,3.0402,3.0396,65.95
1056,28932,2025-10-02 23:59:57.403000,INJ-USDC-SWAP@COINBASEINT,1.0,12.958,12.954,55.9
1057,28933,2025-10-02 23:59:57.403000,BCH-USDT-SWAP@KUCOIN,8.0,594.27,594.14,60.0
1058,28934,2025-10-02 23:59:57.403000,PIPPIN-USD-SWAP@KRAKEN,15411.0,0.02005,0.01965,15075.0
1059,28935,2025-10-02 23:59:57.403000,PIPPIN-USD-SWAP@KRAKEN,15411.0,0.02005,0.01958,45960.0
1060,28936,2025-10-02 23:59:57.403000,DEGEN-USD-SWAP@KRAKEN,72072.0,0.003368,0.00305,144660.0
1061,28938,2025-10-02 23:59:57.403000,DEGEN-USD-SWAP@KRAKEN,72072.0,0.003368,0.00304,73103.0
1062,28939,2025-10-02 23:59:57.403000,2Z-USD-SWAP@CRYPTO-COM,10.0,0.59892,0.5985,10.0
1063,28940,2025-10-02 23:59:57.403000,HBAR-USDT-SWAP@BINANCE,6313.0,0.2274,0.22739,8326.0
1064,28941,2025-10-02 23:59:57.403000,DOGE-USDT-SWAP@BYBIT,68090.0,0.26188,0.26187,19764.0
1065,28942,2025-10-02 23:59:57.403000,BNT-USDT-SWAP@BINANCE,274.0,0.70394,0.70376,388.0
1066,28943,2025-10-02 23:59:57.403000,1000PEPE-USDT-SWAP@BINANCE,672492.0,0.0102172,0.0102171,716670.0
1067,28937,2025-10-02 23:59:57.403000,DEGEN-USD-SWAP@KRAKEN,72072.0,0.003368,0.00305,71557.0
1068,28922,2025-10-02 23:59:57.404000,ME-USDT-SWAP@OKEX,37.0,0.6225,0.6224,206.0
1069,28917,2025-10-02 23:59:57.404000,CKB-USDT-SWAP@KUCOIN,136.0,0.004456,0.004451,140.0
1070,28918,2025-10-02 23:59:57.404000,AVNT-USDT-SWAP@KUCOIN,4.0,1.12988,1.12987,6.0
1071,28919,2025-10-02 23:59:57.404000,AIA-USDT-SWAP@KUCOIN,10.0,1.4946,1.49164,13.0
1072,28920,2025-10-02 23:59:57.404000,SUI-USDT-SWAP@OKEX,1688.0,3.5847,3.5846,402.0
1073,28921,2025-10-02 23:59:57.404000,S-USDT-SWAP@OKEX,655.0,0.2782,0.278,2069.0
1074,28923,2025-10-02 23:59:57.404000,ACT-USDT-SWAP@OKEX,6666.0,0.03344,0.03343,1180.0
1075,28927,2025-10-02 23:59:57.404000,BNB-USDT-SWAP@OKEX,4083.0,1089.9,1089.8,799.0
1076,28925,2025-10-02 23:59:57.404000,WIF-USDT-SWAP@BYBIT,5033.0,0.7881,0.788,5254.0
1077,28926,2025-10-02 23:59:57.404000,DOGE-USDT-SWAP@OKEX,552.98,0.26193,0.26192,106.82
1078,28928,2025-10-02 23:59:57.404000,ALU-USDT-SWAP@GATE-IO,9.0,0.02302,0.02297,2777.0
1079,28929,2025-10-02 23:59:57.404000,ZEC-USDT-SWAP@BYBIT,0.78,131.41,131.4,0.15
1080,28930,2025-10-02 23:59:57.404000,S-USDT-SWAP@BYBIT,1870.0,0.2782,0.2781,4820.0
1081,28931,2025-10-02 23:59:57.404000,BTC-USDT-SWAP@BYBIT,4.818,120484.1,120484.0,14.187
1082,28924,2025-10-02 23:59:57.404000,XRP-USDT-SWAP@OKEX,105.7,3.0374,3.0373,38.38
1083,28905,2025-10-02 23:59:57.405000,JST-USDT-SWAP@HTX,65.0,0.03278,0.032735,65.0
1084,28906,2025-10-02 23:59:57.405000,ETC-USDC-SWAP@BITGET,2.4,20.084,20.082,1.6
1085,28907,2025-10-02 23:59:57.405000,ENS-USDT-SWAP@BITGET,5.5,21.856,21.855,18.9
1086,28908,2025-10-02 23:59:57.405000,DEGEN-USD-SWAP@KRAKEN,72072.0,0.003368,0.003041,144660.0
1087,28909,2025-10-02 23:59:57.405000,DEGEN-USD-SWAP@KRAKEN,72072.0,0.003368,0.003041,73103.0
1088,28913,2025-10-02 23:59:57.405000,DEGEN-USD-SWAP@KRAKEN,72072.0,0.003368,0.00305,71557.0
1089,28911,2025-10-02 23:59:57.405000,DEGEN-USD-SWAP@KRAKEN,72072.0,0.003368,0.003052,144660.0
1090,28912,2025-10-02 23:59:57.405000,DEGEN-USD-SWAP@KRAKEN,72072.0,0.003368,0.003052,73103.0
1091,28914,2025-10-02 23:59:57.405000,XRP-USDT-SWAP@BYBIT,7796.7,3.0376,3.0375,13116.7
1092,28915,2025-10-02 23:59:57.405000,ME-USDT-SWAP@BINANCE,269.5,0.6223,0.6221,363.3
1093,28916,2025-10-02 23:59:57.405000,AVAX-USDT-SWAP@BINANCE,187.0,30.965,30.964,191.0
1094,28910,2025-10-02 23:59:57.405000,DEGEN-USD-SWAP@KRAKEN,72072.0,0.003368,0.003052,71557.0
1095,28895,2025-10-02 23:59:57.406000,AVNT-USDT-SWAP@KUCOIN,4.0,1.12988,1.12981,6.0
1096,28897,2025-10-02 23:59:57.406000,FARTCOIN-USDT-SWAP@BYBIT,1135.0,0.6773,0.6772,1676.0
1097,28893,2025-10-02 23:59:57.406000,SUI-USDC-SWAP@COINBASEINT,49.7,3.5909,3.5908,498.0
1098,28894,2025-10-02 23:59:57.406000,SOL-USDT-SWAP@KUCOIN,176.0,234.734,234.733,549.0
1099,28898,2025-10-02 23:59:57.406000,DEGEN-USD-SWAP@KRAKEN,72072.0,0.003368,0.003051,144660.0
1100,28896,2025-10-02 23:59:57.406000,AVNT-USDT-SWAP@HTX,1.0,1.13299,1.13095,240.0
1101,28900,2025-10-02 23:59:57.406000,DEGEN-USD-SWAP@KRAKEN,72072.0,0.003368,0.003041,71557.0
1102,28901,2025-10-02 23:59:57.406000,AVNT-USD-SWAP@CRYPTO-COM,1.0,1.13245,1.13168,1.0
1103,28902,2025-10-02 23:59:57.406000,ZRO-USDT-SWAP@BINANCE,6.1,2.2858,2.2857,85.6
1104,28903,2025-10-02 23:59:57.406000,CRV-USDT-SWAP@BYBIT,1338.2,0.7434,0.7433,1557.0
1105,28904,2025-10-02 23:59:57.406000,ALL-USDT-SWAP@BINANCE,158.0,1.1321,1.1318,118.0
1106,28899,2025-10-02 23:59:57.406000,DEGEN-USD-SWAP@KRAKEN,72072.0,0.003368,0.003051,73103.0
1107,28892,2025-10-02 23:59:57.407000,BLUR-USDT-SWAP@BINANCE,1200.0,0.07941,0.07939,1263.0
1108,28891,2025-10-02 23:59:57.407000,TRX-USDT-SWAP@BINANCE,45109.0,0.34249,0.34248,1636.0
1109,28890,2025-10-02 23:59:57.407000,ENA-USD-SWAP@KRAKEN,105.0,0.63197,0.63167,159.0
1110,28889,2025-10-02 23:59:57.407000,APT-USDT-SWAP@HTX,231.0,5.2243,5.2219,231.0
1111,28888,2025-10-02 23:59:57.407000,PIPPIN-USD-SWAP@KRAKEN,15411.0,0.02005,0.01958,45960.0
1112,28887,2025-10-02 23:59:57.407000,PIPPIN-USD-SWAP@KRAKEN,15411.0,0.02005,0.01966,15075.0
1113,28886,2025-10-02 23:59:57.407347,LAUNCHCOIN-USDT-SWAP@PHEMEX,106.3,0.11416,0.11388,106.3
1114,28862,2025-10-02 23:59:57.408000,USELESS-USDT-SWAP@OKEX,275.0,0.231,0.2309,153.0
1115,28863,2025-10-02 23:59:57.408000,SPX-USDT-SWAP@OKEX,2.0,1.2948,1.2944,89.0
1116,28864,2025-10-02 23:59:57.408000,KAITO-USDT-SWAP@OKEX,93.0,1.3976,1.3975,678.0
1117,28865,2025-10-02 23:59:57.408000,INJ-USDT-SWAP@OKEX,80.0,12.944,12.943,2.0
1118,28866,2025-10-02 23:59:57.408000,FARTCOIN-USDT-SWAP@OKEX,3.0,0.6773,0.6772,887.0
1119,28868,2025-10-02 23:59:57.408000,AVNT-USDT-SWAP@OKEX,399.0,1.13,1.1299,229.0
1120,28869,2025-10-02 23:59:57.408000,AIXBT-USDT-SWAP@OKEX,92.0,0.10053,0.10052,53.0
1121,28870,2025-10-02 23:59:57.408000,2Z-USDT-SWAP@OKEX,33.0,0.5973,0.5972,14.0
1122,28871,2025-10-02 23:59:57.408000,RATS-USD-SWAP@KRAKEN,1105000.0,2.753e-05,2.658e-05,2126000.0
1123,28872,2025-10-02 23:59:57.408000,RATS-USD-SWAP@KRAKEN,1105000.0,2.753e-05,2.658e-05,1070000.0
1124,28873,2025-10-02 23:59:57.408000,RATS-USD-SWAP@KRAKEN,1105000.0,2.753e-05,2.657e-05,1056000.0
1125,28867,2025-10-02 23:59:57.408000,DOOD-USDT-SWAP@OKEX,22.0,0.005712,0.005711,12.0
1126,28875,2025-10-02 23:59:57.408000,DEGEN-USD-SWAP@KRAKEN,72072.0,0.003368,0.003052,144660.0
1127,28876,2025-10-02 23:59:57.408000,DEGEN-USD-SWAP@KRAKEN,72072.0,0.003368,0.003052,71557.0
1128,28877,2025-10-02 23:59:57.408000,DEGEN-USD-SWAP@KRAKEN,72072.0,0.003368,0.003042,73103.0
1129,28878,2025-10-02 23:59:57.408000,DEGEN-USD-SWAP@KRAKEN,72072.0,0.003368,0.003042,144660.0
1130,28879,2025-10-02 23:59:57.408000,DEGEN-USD-SWAP@KRAKEN,72072.0,0.003368,0.003042,71557.0
1131,28885,2025-10-02 23:59:57.408000,LAUNCHCOIN-USDT-SWAP@BYBIT,546.0,0.11391,0.11387,3631.0
1132,28880,2025-10-02 23:59:57.408000,DEGEN-USD-SWAP@KRAKEN,72072.0,0.003368,0.003051,73103.0
1133,28881,2025-10-02 23:59:57.408000,BNT-USDT-SWAP@OKEX,3.0,0.7042,0.7039,32.0
1134,28882,2025-10-02 23:59:57.408000,2Z-USDT-SWAP@BYBIT,240.0,0.5973,0.5971,200.0
1135,28883,2025-10-02 23:59:57.408000,THETA-USDT-SWAP@BINANCE,2222.0,0.7405,0.7404,172.2
1136,28884,2025-10-02 23:59:57.408000,OG-USDT-SWAP@BINANCE,16.0,14.692,14.691,27.1
1137,28874,2025-10-02 23:59:57.408000,IOST-USDT-SWAP@OKEX,28.0,0.003126,0.003125,22.0
1138,28861,2025-10-02 23:59:57.408576,HBAR-USDT-SWAP@PHEMEX,268.0,0.22735,0.22731,239.0
1139,28852,2025-10-02 23:59:57.409000,SOL-USDC-SWAP@COINBASEINT,7.306,234.847,234.846,0.39
1140,28853,2025-10-02 23:59:57.409000,HOME-USDT-SWAP@HTX,25.0,0.031063,0.031038,25.0
1141,28854,2025-10-02 23:59:57.409000,WIF-USDC-SWAP@BITGET,105.0,0.7887,0.7886,39.3
1142,28855,2025-10-02 23:59:57.409000,PIPPIN-USD-SWAP@KRAKEN,15411.0,0.02005,0.01959,15075.0
1143,28857,2025-10-02 23:59:57.409000,TRX-USD-SWAP@KRAKEN,2591.0,0.342981,0.342643,2591.0
1144,28858,2025-10-02 23:59:57.409000,PEPE-USDT-SWAP@GATE-IO,12.0,1.0221e-05,1.022e-05,17.0
1145,28859,2025-10-02 23:59:57.409000,AVNT-USDT-SWAP@GATE-IO,341.0,1.1311,1.131,1.0
1146,28860,2025-10-02 23:59:57.409000,PAXG-USDT-SWAP@BINANCE,10.811,3864.86,3864.85,0.678
1147,28856,2025-10-02 23:59:57.409000,PIPPIN-USD-SWAP@KRAKEN,15411.0,0.02005,0.01958,45960.0
1148,28847,2025-10-02 23:59:57.410000,SUI-USDT-SWAP@BITGET,3174.7,3.5857,3.5856,46.3
